2644 3988
394 229 652 293 EPISTOLARUM
670 238 717 292 xl.
737 243 832 293 o-11.
1024 235 1088 302 355
1118 201 1127 218 ’

129 384 358 446 veteranorum
377 384 410 445 ct
428 385 625 448 armatorum
644 383 722 448 satis
740 382 891 466 frequens
910 403 983 459 cum
1000 381 1088 447 Ven-

129 469 221 534 tidio.
266 467 411 535 Oonsilia
432 467 570 535 Antonii
592 471 673 536 haec
700 471 767 535 sint
788 491 918 535 necesse
941 472 1004 535 cst:
1031 473 1123 534 auti

130 557 172 622 ad
195 555 353 641 Lepidum
370 561 408 622 ut
426 579 460 623 se
479 558 634 644 conferat,
657 559 684 623 si
704 559 872 644 recipitur,'
888 561 945 623 aut
958 557 1088 643 Appen-

130 647 209 711 nino
224 645 425 730 Alpibusque
440 667 474 711 ιο
496 650 607 712 teneat
619 649 653 712 et
667 647 908 712 decursionibus
926 667 988 732 per
1002 647 1088 730 equi-

130 737 189 818 tes,
212 755 293 818 quos
315 734 416 799 habet
437 734 567 820 multos,
588 738 694 801 vastet
716 757 755 801 ea
776 736 857 821 loca,
878 736 914 800 in
937 757 1018 819 quae
1041 735 1089 798 in-

131 823 280 907 currerit,
307 825 365 888 aut
390 843 502 888 rursus
530 844 564 889 se
591 824 627 888 in
653 823 818 889 Etruriam
844 825 977 908 referat,
1004 823 1090 908 quod

131 933 170 975 ea
201 933 276 994 pars
307 909 423 976 Italiac
456 911 524 977 sine
561 913 701 978 exercitu
738 915 796 978 est.
845 910 938 990 Quod
974 911 1003 978 si
1038 931 1089 975 mc

131 996 252 1073 Caesar
282 999 426 1064 audisset
457 1003 554 1084 atque
585 999 818 1085 Appenninum
844 1001 1028 1084 transisset,
1054 1000 1090 1063 in

131 1089 241 1152 tentas
278 1089 446 1173 angustias
477 1087 660 1154 Antonium
693 1089 933 1173 compulissem,
969 1091 1007 1154 ut
1041 1088 1089 1151 in·

132 1175 208 1260 cpia
238 1177 348 1260 potius
383 1197 481 1260 quam
514 1177 601 1242 ferro
638 1177 862 1261 conficeretur3
898 1176 954 1242 sed
985 1197 1090 1259 neque

131 1261 264 1329 Caesari
289 1264 442 1348 imperari
467 1268 577 1349 potest
605 1261 806 1331 neocaesar
838 1263 991 1330 exercitui
1022 1285 1090 1349 suo,

132 1353 220 1436 quod
250 1355 422 1438 utrumque
453 1354 629 1439 pessimum
660 1357 718 1418 est.
763 1353 869 1430 Quum
900 1354 981 1418 haec
1010 1352 1091 1416 talia

133 1441 213 1525 sint,
241 1463 304 1526 quo
332 1443 453 1527 minus,
476 1442 562 1526 quod
589 1443 630 1507 sd
652 1463 704 1507 me
726 1442 913 1528 pertinebit,
941 1441 1090 1507 homines

131 1529 353 1614 interpellent,
384 1533 422 1595 ut
453 1531 700 1616 suprascripsi,
729 1532 808 1596 non*
823 1529 979 1616 impedi03
1009 1530 1090 1593 haec

132 1617 404 1702 quemadmodum
435 1619 587 1703 explicari
616 1620 746 1705 possint
776 1622 846 1704 aut,
875 1641 896 1683 a
925 1622 959 1683 te
991 1639 1090 1702 quum

132 1706 393 1791 explicabuntur,
419 1729 461 1771 ne
488 1707 718 1792 impedientur,
742 1708 852 1772 timeo.
902 1706 999 1771 Alere
1025 1706 1125 1770 iamt

132 1795 252 1859 milites
275 1816 343 1859 non
364 1816 506 1879 possum.
545 1795 651 1872 Quum
674 1797 715 1860 ad
737 1816 806 1860 rem
828 1795 991 1880 publicam
1013 1793 1090 1858 libe·

133 1883 270 1948 randam
288 1883 418 1968 accessi,
434 1881 500 1948 HS.
518 1883 598 1948 mihi
615 1884 679 1948 fuit
696 1884 851 1968 pecuniae
875 1895 1001 1944 -cccc·
1025 1903 1091 1946 am-

133 1971 228 2054 plius.
273 1970 415 2036 Tantum
442 1971 546 2056 abest,
573 1975 611 2036 ut
637 1993 727 2037 meae
753 1972 801 2036 rei
822 1969 991 2035 familiaris
1013 1968 1092 2034 libe·

133 2081 207 2124 rum
230 2060 273 2124 sit
294 2059 479 2144 quidquam,
501 2062 539 2126 ut
557 2080 668 2125 omnes
687 2060 752 2124 iam
770 2080 859 2124 meos
881 2057 1000 2124 amicos
1019 2078 1091 2122 aere

134 2147 240 2213 alieno
264 2146 500 2212 obstrinxerim.
540 2145 670 2232 Septem
692 2169 862 2213 numerum
884 2167 971 2211 nunc
992 2146 1092 2230 legio-

133 2257 213 2300 num
232 2236 298 2320 alo;
320 2258 385 2319 qua
403 2235 602 2321 difficultate,
619 2239 657 2302 tu
675 2236 844 2301 arbitrare:
866 2255 943 2320 non,
965 2233 994 2300 si
1010 2233 1092 2300 Var-

133 2325 224 2390 ronis
237 2324 407 2390 thesauros
420 2325 582 2409 haberem,
601 2324 774 2390 subsistere
793 2323 936 2408 sumptui
954 2343 1092 2408 possem.

134 2412 242 2489 Quum
273 2413 413 2496 primum
449 2413 488 2478 de
519 2412 666 2479 Antonio
702 2414 905 2498 exploratum
939 2411 1093 2495 habuero,

133 2501 253 2566 faciam
280 2505 312 2566 te
340 2501 518 2566 certiorem.
568 2501 618 2566 'l'u
650 2523 701 2566 me
733 2502 858 2568 amabis
883 2502 944 2586 ita,
976 2500 1004 2565 si
1029 2499 1093 2566 hoo

134 2588 220 2654 idem
246 2611 298 2654 me
324 2589 361 2653 in
389 2591 423 2653 te
445 2589 551 2655 facere
580 2589 727 2656 senseris.
771 2587 928 2654 lin-Non.
955 2587 1031 2655 Mei.
1054 2609 1093 2653 ex

134 2677 259 2763 castris,
281 2676 436 2744 Dertona.

582 2885 640 2953 XI.

134 2999 210 3056 Data
229 3003 273 3056 est
290 3017 326 3056 ex
343 3001 455 3070 castris,
478 3017 513 3055 ex
529 3000 631 3056 finibus
650 2999 884 3070 Statiellensium,
907 2993 978 3071 prid.
998 3000 1096 3062 Nonas

463 3071 553 3126 Maias
573 3087 598 3125 a.
617 3089 644 3126 u.
664 3087 687 3126 c.
708 3077 767 3125 ⁷11.

179 3195 212 3250 D.
232 3194 377 3250 BRUTUS
396 3195 469 3250 IMP.
488 3193 562 3250 COS.
580 3193 697 3250 DESIG.
717 3194 744 3250 S.
762 3194 796 3251 D.
814 3195 851 3251 M.
870 3193 1048 3250 CICERONI.

202 3293 327 3360 Eodem
346 3295 491 3379 exemplo
510 3316 530 3357 a
548 3297 581 3358 te
599 3294 680 3359 mihi
696 3294 824 3359 litterae
841 3293 985 3358 redditae
1009 3295 1094 3379 sunt,
1113 3314 1127 3364 1

135 3405 200 3469 quo
223 3383 316 3468 pueri
338 3383 401 3448 mei
424 3383 612 3448 attulenmt.
657 3382 799 3448 Tantum
821 3403 873 3447 me
894 3382 956 3446 tibi
979 3382 1093 3447 debere

135 3472 298 3555 existimo,
328 3473 486 3557 quantum
507 3471 689 3554 persolvere
712 3470 842 3536 difficile
869 3473 928 3539 est.
973 3467 1094 3554 Scripsi

133 3560 204 3646 tibi,
228 3580 310 3645 quae
332 3559 386 3625 hic
408 3561 605 3646 gererentur.
648 3557 689 3622 In
711 3559 826 3623 itinere
849 3561 899 3623 est
920 3556 1094 3641 Antonius,

825 3665 879 3715 se*
