2644 3988
332 285 333 292 ἵ
378 215 839 272 EPISTOLARUMX11.14.15.
1020 215 1084 280 395

129 362 210 428 rime
223 363 367 446 possent,
380 360 460 426 Asia
473 361 638 445 provincia
651 362 884 446 vectigaliaque
897 361 932 426 in
945 365 1087 428 vestram

129 453 326 535 potestatem
357 449 590 534 redigerentur:
622 450 708 534 quod
740 472 839 534 quum
868 449 1086 534 pertimuisset

130 538 302 604 Dolabella
324 541 509 620 vastataque
535 539 713 623 provincia,
740 539 895 623 correptis
922 538 1085 623 vectigali·

130 628 206 712 bus,
233 627 403 712 praecipue
431 627 552 693 civibus
579 627 735 692 Romanis
765 627 913 692 omnibus
936 626 1086 691 crudelis·

131 717 212 781 sime
243 715 413 781 denudatis
445 735 482 780 ac
509 715 679 782 divenditis
711 715 844 782 celerius
870 715 951 780 Asia
982 735 1086 780 exces-

132 805 236 888 sisset,
259 826 357 888 quam
374 825 413 868 eo
430 804 626 888 praesidium
645 804 759 869 adduci
777 804 943 888 potuisset,
966 803 1087 869 diutius

132 894 252 958 morari
275 896 332 957 aut
354 895 538 977 exspectare
560 893 755 976 praesidium
784 914 851 957 non
873 913 1003 958 necesse
1029 892 1086 957 ha·

131 982 189 1046 bui
211 984 245 1046 et
267 1002 365 1064 quam
389 980 530 1065 primum
556 981 597 1044 ad
624 1003 731 1046 meum
758 981 900 1046 officium
925 984 1087 1048 reverten-

133 1070 211 1134 dum
233 1069 313 1134 mihi
340 1090 410 1135 esse
433 1069 624 1153 existimavi,
653 1073 690 1134 ut
712 1069 895 1152 etreliqua
916 1069 1087 1155 vectigalia

133 1159 294 1243 exigerem
328 1162 361 1222 et
392 1179 489 1242 quam
525 1157 659 1243 deposui
689 1158 859 1242 pecuniam
894 1157 1088 1244 colligerem,

133 1247 274 1332 quidque
295 1268 390 1311 exea
408 1250 590 1331 correptum
608 1251 693 1312 esset
710 1251 767 1310 aut
785 1265 920 1329 quornm
937 1246 975 1311 id
993 1247 1089 1330 culpa

133 1335 315 1418 accidisset,
347 1355 574 1420 cognoscerem
606 1357 702 1419 quam
732 1335 872 1418 primum
903 1338 937 1400 et
963 1356 1021 1399 vos
1048 1334 1087 1398 de

134 1425 224 1490 omni
246 1445 280 1488 re
302 1424 442 1489 facerem
469 1425 629 1489 certiores.
673 1423 807 1488 Interim
835 1445 934 1507 quum
960 1444 1018 1507 per
1039 1423 1087 1487 in·
1107 1429 1123 1478 2

133 1513 250 1578 sulas
241 1535 276 1577 ιιι
289 1511 402 1577 Asiam
419 1513 588 1598 naviganti
606 1512 686 1576 mihi
702 1512 888 1586 nuntiatum
906 1516 991 1576 esset
1009 1511 1087 1576 clas-

134 1624 204 1668 sem
235 1601 422 1666 Dolabellae
436 1617 439 1626 ‘
453 1601 489 1666 in
520 1600 618 1686 Lycia
649 1623 718 1666 esse
749 1600 958 1684 Rhodiosque
989 1621 1088 1664 naves

135 1692 316 1775 complures
346 1689 520 1756 instructas
552 1693 585 1754 et
615 1693 745 1774 paratas
780 1689 817 1752 in
847 1711 932 1772 aqua
960 1688 1088 1771 habere,

135 1801 209 1844 cum
239 1779 279 1844 iis
301 1779 451 1862 navibus,
478 1799 558 1862 quas
581 1782 638 1842 aut
663 1799 788 1842 mecum
816 1777 1010 1842 adduxeram
1033 1780 1089 1840 aut

135 1870 380 1952 comparaverat
400 1865 547 1932 Patiscus
570 1887 674 1950 proq,
696 1865 794 1930 homo
817 1864 897 1930 mihi
919 1887 1018 1948 quum
1041 1864 1089 1928 fa·

135 1956 336 2040 miliaritate,
362 1959 433 2021 tum
455 1955 553 2020 etiarn
580 1953 726 2019 sensibus
748 1953 784 2017 in
806 1974 840 2017 re
862 1953 992 2036 publica
1014 1973 1088 2018 con·

135 2045 369 2128 iunctissimus,
394 2042 546 2109 Rhodum
578 2042 699 2108 deverti
727 2041 866 2106 confisus
899 2040 1089 2106 auctoritate

135 2136 244 2198 vestra
266 2138 459 2215 senatusque
481 2132 639 2215 consulto,
662 2152 725 2214 quo
743 2130 870 2195 hostem
887 2129 1090 2196 Dolabellam

135 2221 335 2305 iudicamtis,
356 2220 485 2286 foedere
507 2239 649 2304 quoque,
671 2219 757 2302 quod
781 2241 854 2283 cum
875 2219 916 2284 iis
938 2217 982 2283 M.
1004 2217 1089 2282 Mar-

134 2311 218 2375 cello
242 2308 307 2376 Ser.
331 2308 472 2393 Sulpicio
499 2328 572 2374 coss.
592 2311 783 2373 renovatum
810 2311 893 2392 erat,
920 2329 983 2391 quo
1006 2307 1089 2372 iura·

135 2401 252 2464 verant
279 2397 399 2463 Rhodii
430 2396 559 2464 eosdem
589 2397 700 2462 hostes
732 2417 766 2461 se
796 2395 979 2480 habituros,
1010 2416 1091 2480 quos

134 2490 269 2552 senatus
295 2487 501 2571 ‘populusque
527 2485 571 2551 a:
604 2507 685 2570 quae
711 2507 763 2550 res
794 2506 856 2550 nos
886 2484 1092 2551 vehementer

136 2575 269 2658 fefellit,
300 2579 429 2640 tantum
459 2575 546 2640 enim
577 2575 673 2659 afuit,
703 2577 741 2639 ut
770 2573 900 2639 illorum
929 2573 1090 2658 praesidio

136 2667 284 2729 nostram
314 2664 513 2728 firmaremus
541 2664 689 2747 classem,
720 2667 757 2727 ut
788 2663 886 2727 etiam
913 2661 1091 2727 aRhodiis

137 2751 217 2817 urbe
221 2755 362 2837 ,portu‚
384 2752 537 2835 statione,
564 2773 646 2834 quae
669 2754 759 2815 exim
784 2749 898 2816 urbem
919 2753 977 2834 est,
1006 2771 1091 2816 com·

136 2844 262 2944 meatu,
291 2862 375 2943 aqua
402 2839 539 2923 denique
566 2839 813 2923 prohiberentur
839 2838 943 2907 nostri
964 2801 1092 2922 milites,

136 2949 199 2994 nos
226 2929 280 2996 ιιι
310 2929 373 3014 ipsi
404 2929 541 3014 singulis
568 2949 641 2992 cum
672 2927 844 3012 navigiolis
871 2927 1092 3012 reciperemur

136 3017 244 3120 Quam
274 3017 502 3120 indignitatem
538 3015 853 3117 deminutionemque
888 3037 956 3082 ιιοιι
988 3015 1092 3080 solum

137 3106 217 3172 iuris
240 3106 352 3190 nostri,
375 3107 430 3171 sed
454 3106 551 3171 etiam
571 3104 779 3170 maiestatis
770 3104 958 3189 imperiique
980 3101 1093 3187 populi

136 3194 278 3260 Romani
310 3195 426 3260 idcirco
458 3195 610 3275 tulimus,
641 3192 727 3296 quod
758 3192 926 3277 intercept
917 3214 945 3256 rs
903 3189 1092 3256 tlitteris

136 3303 353 3368 cognoramus
384 3282 603 3366 Dolabellam,
639 3282 667 3347 si
698 3282 899 3365 desperasset
930 3278 968 3344 de
1001 3275 1094 3363 Syma

137 3370 362 3472 Aegyptoque,
385 3369 470 3455 quod
493 3392 622 3435 necesse
645 3369 877 3454 eratfieri,1n
899 3388 997 3432 naves
1021 3388 1094 3431 cum
1206 3401 1215 3424 ι

209 3561 261 3632 Ep.
282 3567 323 3631 15,
338 3569 362 3616 2.
399 3563 500 3617 deverti
518 3561 593 3631 (Ψ).
629 3577 683 3615 reo.
701 3560 748 3628 M,
762 3559 854 3630 vulgo.
