2578 3982
248 212 314 279 654
374 241 378 248 -
507 208 688 266 nrlsrotu
705 209 737 275 Q.
755 207 947 264 CICERONIS

247 376 451 440 consequere.
495 354 650 420 Homines
676 353 887 438 municipales
914 373 952 416 ec
979 350 1160 434 rusticum,
1187 351 1213 416 si

247 445 377 510 nomine
404 443 499 508 nobis
526 443 710 525 retieret,
737 442 772 506 in
795 441 937 506 amicitie
964 461 1035 506 esse
1067 461 1104 504 se
1130 439 1211 504 erbi-

246 535 387 614 truntu13
410 531 439 595 si
460 551 535 596 vero
558 530 656 595 etiem
678 529 830 613 praesidii
851 549 886 594 se
904 528 1027 612 aliquid
1045 528 1115 592 sibi
1139 549 1211 592 con·

248 621 380 685 stitucre
411 622 542 703 putent,
567 639 636 684 non
662 618 817 682 amittunt
847 617 1051 690 occasionem
1084 637 1211 698 prome

246 707 347 772 rendi.
391 705 461 772 Hos
484 707 582 772 ceteri
608 710 642 771 et
667 706 805 770 maxime
831 706 880 770 tui
907 704 1146 787 competitores
1173 725 1210 767 ne

245 798 368 860 norunt
399 795 541 879 quidem:
577 797 614 858 tu
645 798 679 860 ct
708 794 797 860 nosti
828 796 861 857 et
890 793 986 858 facile
1018 812 1210 877 cognosces,

206 913 233 952 n
247 884 316 948 sine
339 903 403 966 quo
431 883 572 947 amicitie
598 903 667 947 esse
694 903 762 948 non
789 884 905 964 potest
953 879 1072 962 Neque
1101 880 1139 946 id
1167 884 1209 942 tn

211 2891 227 2939 9

205 2955 233 2996 84

241 3267 273 3320 p.
291 3255 324 3305 rt.
342 3249 409 3318 Eri,
428 3251 462 3306 ed

246 991 322 1035 men
344 971 422 1034 setis
445 974 508 1054 est,
529 972 659 1034 temetsi
682 991 836 1054 magnum
859 972 921 1052 cst,
950 969 978 1032 si
1000 989 1074 1032 non
1099 989 1208 1032 conse·

247 1061 365 1142 quatur
392 1079 465 1142 spes
492 1059 641 1124 utilitatis
668 1063 765 1142 etque
793 1057 965 1140 amicitiae,
995 1075 1038 1120 ne
1072 1077 1208 1120 nomen·

246 1147 349 1212 cletor
371 1148 484 1230 solum,
507 1146 563 1210 sed
585 1147 707 1211 amicus
730 1146 828 1210 etiem
850 1146 956 1210 bonus
977 1164 1049 1208 osse
1067 1143 1208 1208 videare.

245 1233 298 1298 Ite
320 1256 419 1318 quum
442 1239 475 1298 et
499 1235 562 1299 hos
587 1235 690 1318 ipsos,
715 1237 848 1318 propter
874 1253 966 1300 suem
992 1231 1209 1296 ambitionem

247 1323 302 1406 qui
329 1323 414 1406 apud
441 1323 575 1387 tribules
606 1343 682 1386 suos
713 1323 887 1405 plurimum
920 1319 1026 1405 gratio
1056 1324 1209 1403 possunt,

248 1407 320 1494 [tui]
345 1410 506 1475 studiosos
532 1411 569 1473 in
591 1409 743 1474 centuriis
766 1409 900 1473 hebebis
927 1413 960 1473 et
982 1411 1130 1492 ceteros,
1157 1409 1208 1492 qui

247 1497 333 1580 epud
360 1498 500 1580 aliquem
526 1501 652 1580 purtem
682 1498 849 1562 tribulium
875 1499 1008 1580 propter
1035 1497 1208 1579 municipii

247 1586 305 1647 sut
320 1583 495 1649 vicinitatis
518 1588 575 1649 eut
596 1585 724 1670 collegii
745 1587 905 1650 rationem
927 1585 1047 1666 velent,
1069 1585 1208 1668 cupidos

246 1673 295 1735 tui
318 1672 531 1757 constitueris,
552 1673 588 1736 in
610 1674 734 1756 optime
760 1695 817 1756 spe
839 1693 909 1738 esse
931 1672 1073 1736 debebis.
1123 1671 1207 1737 Nem

246 1761 391 1844 equitum
426 1761 588 1826 centuriae
623 1761 726 1826 multo
762 1761 889 1826 facibus
920 1760 1000 1824 mihi
1032 1759 1209 1845 diligentis

245 1869 341 1932 posse
374 1849 478 1914 teneri
508 1847 666 1913 ridentur.
719 1846 863 1914 Primum
895 1847 1085 1934 cognoscito
1121 1850 1208 1932 equi·

157 1962 163 1970 ¹
245 1939 309 2019 tes3
330 1936 424 2020 pauci
448 1936 533 2002 enim
555 1939 645 2001 sunt:
667 1936 782 2001 deinde
804 1936 962 2020 appetit03
989 1936 1096 2000 multo
1121 1937 1209 2000 enim

245 2023 372 2088 facilius
403 2024 461 2088 illa
491 2024 803 2089 adolescentulorum
834 2025 876 2089 ad
907 2023 1085 2088 amicitiem
1118 2029 1208 2088 uetes

246 2110 447 2197 adiungitur,
476 2112 590 2176 deinde
611 2112 712 2177 hebes
734 2116 841 2177 tecum
868 2133 908 2176 ex
928 2112 1101 2176 iuventute
1126 2113 1209 2196 opti·

246 2221 334 2263 mum
357 2219 515 2285 quemque
537 2204 570 2264 et
593 2200 862 2266 studiosissimum
883 2199 1116 2281 humanitatis,
1138 2204 1209 2264 turn

246 2290 368 2371 eutem,
391 2289 476 2371 quod
499 2291 646 2372 equester
669 2287 747 2353 crdo
769 2291 847 2354 tuus
869 2291 930 2369 est,
952 2291 1141 2370 sequuntur
1161 2289 1209 2352 illi

247 2375 472 2440 auctoritatem
498 2376 634 2458 ordinis,
665 2377 695 2440 si
720 2376 778 2440 ebs
804 2379 839 2439 te
864 2375 1036 2440 adhibetur
1064 2395 1108 2439 en
1140 2375 1209 2439 dili·

247 2464 370 2546 gentie,
396 2466 524 2527 utnon
546 2463 668 2528 ordinis
690 2464 795 2530 solum
816 2463 997 2544 voluntate,
1024 2461 1082 2528 sed
1108 2465 1210 2528 etiem

247 2550 447 2634 singulorum
470 2550 619 2614 amicitiis
646 2572 700 2616 ees
728 2552 889 2616 centurias
916 2550 1130 2616 confirmatos
1154 2552 1209 2616 hs·

246 2637 337 2722 bees,
362 2659 440 2702 nem
462 2638 570 2704 studia
592 2639 903 2705 adolescentulorum
925 2639 961 2704 in
983 2637 1211 2722 suffragando,

245 2726 281 2790 in
303 2726 462 2811 obeundo,
483 2728 519 2791 in
540 2727 732 2812 nuntiando,
752 2727 788 2791 in
806 2727 994 2792 assentando
1012 2726 1155 2792 mirifice
1178 2731 1212 2792 et

246 2834 366 2899 magne
389 2819 422 2878 et
443 2815 582 2880 honeste
603 2818 688 2880 sunt.

312 2901 370 2985 Et,
396 2903 550 2985 quonism
572 2903 796 2968 assectationis
817 2903 939 2969 mentio
962 2903 1050 2968 fecte
1078 2907 1149 2988 est,
1177 2903 1211 2967 id

317 3115 342 3178 8,
357 3115 399 3164 31.
426 3112 535 3166 nomine
547 3111 626 3166 nobis
644 3110 697 3179 (cd.
712 3109 807 3178 Turn,
826 3109 924 3180 drot).
959 3109 1039 3190 nobie
1051 3125 1081 3163 n.
1095 3108 1172 3178 Eri,
1180 3111 1211 3164 B.

246 3185 288 3236 Μ’
316 3185 442 3248 ΡΜ
463 3180 630 3308 ituiitim‘d
655 3182 700 3292 (ξ
723 3181 972 3319 etiiidice-(rrii
990 3180 1213 3320 ii¹d0i⁰ddii

245 3321 277 3376 e.
296 3323 358 3389 (err.
376 3293 489 3393 cypri
508 3269 559 3378 bes
571 3293 662 3378 '’Ndm
680 3267 799 3393 nitidior
817 3321 893 3390 (w).
929 3291 995 3376 rain
1012 3337 1033 3374 e.
1052 3321 1156 3391 vulgo.
1175 3349 1211 3362 -

245 3396 396 3462 sequuntur
413 3394 458 3448 dit
475 3393 524 3462 (W
525 3398 551 3463 .).
591 3398 720 3450 serenetur
738 3399 828 3448 actem
845 3391 904 3446 Eri.
944 3395 1090 3462 uremur
1107 3393 1212 3463 vulgo.

245 3463 614 3604 &Srdtehbctrfflrvtdlggd
651 3463 939 3530 adicitebiturixnlgo.
951 3491 985 3502 -·
1002 3461 1123 3528 babeam
1142 3480 1213 3520 nam
