2578 3982
237 197 301 262 636
520 197 558 252 M.
578 196 701 252 TULLII
719 195 912 252 CICERONIS

237 343 411 428 cogitando
438 342 567 428 quidem
595 364 788 426 consequor,
817 347 868 426 tu,
900 342 957 425 qui
990 365 1117 408 omnes
1151 344 1213 407 isto

237 431 408 516 eloquendi
440 436 473 496 et
504 431 702 514 exprimendi
734 451 852 515 genere
884 432 1066 514 superasti,
1109 453 1133 496 a
1164 453 1212 494 me

236 519 343 606 petis?
368 518 522 586 Facerem
539 524 658 598 temen,
682 522 719 584 ut
739 515 884 603 possem,
894 519 962 601 sed,
982 520 1080 602 quod
1101 523 1139 584 te
1158 521 1212 584 mi·

154 621 155 626 ’
238 609 324 673 nime
346 609 445 693 fugit,
468 629 549 692 opus
572 611 622 672 est
644 607 685 671 ed
707 613 823 690 poema
846 607 986 690 quadam
1011 608 1127 672 animi
1151 610 1211 672 ala-

239 696 360 779 critate,
383 717 481 780 quem
497 697 594 780 plane
612 695 692 760 mihi
709 699 856 778 tempora
875 695 1027 778 eripiunt.
1067 695 1211 761 Abduco

238 807 289 850 me
322 785 470 869 equidem
501 785 541 848 cb
575 785 663 850 omni
693 784 740 847 rei
767 784 914 867 publicae
946 805 1027 848 cura
1058 785 1210 869 dedoque

239 874 370 955 litteris,
402 873 457 938 sed
489 875 599 937 tamen
630 871 779 936 iudicabo
802 872 875 955 tibi,
902 871 987 955 quod
1017 873 1210 938 mehercule

239 962 274 1026 in
300 961 412 1046 primis
439 965 472 1026 te
500 961 638 1026 celatum
665 960 826 1026 volebam:
859 981 976 1044 angor,
1002 962 1054 1026 mi
1085 964 1209 1027 suavis-

238 1051 319 1115 sime
341 1051 450 1134 frater,
472 1071 576 1134 angor
597 1050 721 1114 nullam
739 1069 809 1116 esse
826 1071 895 1114 rem
912 1049 1098 1134 publicam,
1122 1053 1209 1116 nulla

239 1139 370 1222 iudicia,
401 1141 611 1222 nostrumque
642 1137 705 1202 hoc
736 1141 863 1220 tempus
891 1137 1023 1220 aetatis,
1054 1140 1153 1222 quod
1178 1141 1208 1204 iu

239 1227 296 1291 illu
314 1228 506 1292 auctoritate
525 1227 687 1292 senatoria
704 1225 817 1290 florere
836 1225 982 1310 debebat,
1000 1231 1064 1290 out
1082 1228 1208 1294 forensi

239 1315 349 1380 labore
367 1316 481 1380 iactari
499 1318 556 1380 aut
574 1314 756 1380 domesticis
774 1314 798 1378 li
814 1314 891 1378 teris
910 1317 1107 1401 sustentari,
1132 1317 1207 1382 illud

240 1425 330 1486 vero,
354 1403 439 1486 quod
462 1425 482 1468 s
504 1425 604 1487 puero
628 1403 825 1485 ademeram,

284 1530 410 1599 πολλὸν
425 1528 611 1618 ἀριστεύειν
624 1533 680 1598 καὶ
694 1529 874 1619 ὑπείροχον
889 1535 1026 1618 ἔμμεναι
1044 1531 1177 1619 ἄλλων,

240 1669 346 1732 totum
369 1667 535 1752 occidisse,
561 1667 708 1734 inimicos
736 1689 831 1734 eme
856 1667 974 1752 partim
1002 1689 1077 1734 non
1108 1693 1206 1756 oppu-

242 1760 372 1842 gnatos,
408 1757 528 1840 partim
559 1756 657 1820 etiam
689 1777 758 1822 esse
791 1756 953 1840 defensos,
990 1779 1110 1823 meum
1146 1781 1207 1825 non

241 1845 337 1910 modo
361 1841 513 1927 animum,
536 1843 592 1908 sed
615 1866 655 1908 ne
679 1844 788 1910 odium
812 1845 940 1930 quidem
963 1866 1033 1910 esse
1056 1847 1208 1931 liberum,

242 1954 404 2016 unumque
429 1955 467 1997 ex
490 1932 639 1998 omnibus
661 1929 831 1997 Caesarem
853 1955 922 1998 esse
941 1935 1133 2020 inventum,
1158 1939 1208 2020 qui

241 2024 447 2105 molentum,
466 2025 623 2105 quantum
642 2041 702 2106 ego
721 2021 844 2103 vellem,
867 2026 998 2104 amaret,
1016 2027 1080 2087 aut
1099 2026 1208 2108 etiam,

243 2109 326 2174 sicut
347 2110 403 2174 elii
416 2113 555 2194 putent,
580 2107 668 2174 hunc
691 2131 791 2174 unum
814 2131 897 2194 esse,
919 2111 974 2193 qui
998 2111 1093 2176 velit:
1132 2135 1208 2197 quo·

242 2219 314 2262 rum
345 2200 455 2262 tumen
485 2197 568 2264 nihil
599 2200 650 2262 est
680 2197 850 2282 eiusmodi,
885 2201 923 2262 ut
953 2219 1015 2282 ego
1049 2221 1105 2264 me
1142 2223 1208 2266 nou

242 2287 344 2350 multa
371 2287 592 2352 consolatione
624 2285 766 2369 quotidie
797 2286 930 2369 leniam,
961 2287 1017 2351 sed
1050 2289 1113 2353 illa
1150 2292 1208 2354 erit

243 2375 422 2440 consolatio
444 2375 593 2455 maxima,
616 2375 643 2438 si
660 2396 726 2438 una
747 2373 876 2439 erimus:
899 2397 985 2441 nuno
1009 2374 1050 2439 ad
1076 2377 1140 2440 illa
1160 2381 1207 2442 vel

216 2463 469 2546 ugravissimum
496 2462 618 2526 accedit
644 2462 835 2526 desiderium
864 2464 920 2528 tui.
965 2461 1151 2530 Gabinium
1174 2469 1207 2550 si,

242 2553 280 2614 ut
305 2549 412 2615 Panse
438 2552 533 2634 putot
560 2551 754 2635 oportuisse,
783 2550 1010 2634 defendissem,
1042 2555 1205 2619 concidis-

243 2659 323 2724 sem3
347 2640 402 2724 qui
424 2639 516 2704 illum
539 2637 743 2704 oderunt-
764 2639 788 2702 ii
811 2643 888 2704 sunt
909 2641 971 2704 toti
994 2640 1130 2706 ordines
1156 2680 1206 2727 -,

242 2733 374 2813 propter
397 2750 492 2813 quem
516 2726 662 2811 oderunt,
684 2749 735 2792 me
757 2727 864 2812 ipsum
883 2728 987 2794 odisse
1006 2730 1204 2813 coepissent

243 2817 346 2882 Tenui
374 2839 438 2900 me,
469 2819 507 2882 ut
528 2819 623 2900 puto,
655 2816 796 2900 egregie,
826 2819 956 2880 tentum
987 2819 1024 2880 ut
1050 2817 1205 2902 facerem,

243 2909 400 2989 quantum
428 2925 539 2970 omnes
566 2904 728 2986 viderunt3
760 2904 854 2968 etin
880 2905 968 2969 omni
996 2927 1142 2991 summa,
1171 2914 1205 2972 ut

193 3008 364 3077 ·6mones,
385 2992 477 3056 valde
500 3013 551 3056 me
575 2992 615 3056 ad
638 2993 741 3057 otium
758 3013 932 3076 pacemque
951 2998 1117 3060 converto.
1157 2996 1204 3060 Dc

242 3081 342 3164 libris,
365 3079 530 3163 Tyrannio
553 3082 602 3144 est
625 3083 780 3163 cessator,
803 3077 982 3164 Chrysippo
1006 3081 1124 3166 dicam,
1150 3086 1204 3149 sed

241 3191 294 3236 res
326 3189 462 3252 operosa
497 3170 547 3234 est
582 3171 616 3234 et
645 3168 785 3234 hominis
821 3169 1056 3254 perdiligentis:
1096 3175 1205 3238 sentio

312 3397 364 3468 Ep.
384 3402 400 3452 5
419 3399 448 3453 et
467 3403 491 3464 6,
510 3363 535 3451 4
572 3390 723 3465 ὑπείροχον
742 3396 813 3464 (nl,
826 3396 930 3466 vulgo).
967 3391 1120 3467 ὑπείροχος
1137 3400 1204 3456 ΜΒ.

241 3499 276 3510 -
294 3471 342 3538 qui
355 3469 420 3524 velit
434 3467 507 3536 (W.).
544 3467 593 3536 qui
605 3467 682 3522 uellet
695 3466 789 3534 Meu,
803 3466 898 3538 uulgo.
934 3472 958 3520 5.
985 3469 1204 3540 viderunt(W.).

241 3538 363 3595 uiderent
380 3537 474 3606 MRI,
492 3535 587 3609 vulgo.
