2676 3984
246 230 314 294 282
531 229 570 283 ll.
590 227 714 282 TULLII
732 227 923 283 CICERONIS

247 375 349 462 igitur
369 374 465 440 nobis
496 394 566 438 osse
597 372 706 455 debet,
737 371 892 456 quidquid
919 372 1118 438 conceditur:
1143 374 1207 439 hoo

213 459 924 636 summussos
944 460 1206 616 lesus

248 642 342 705 abest
363 661 384 704 a
405 638 603 720 'lusoulau03
624 637 708 702 nihil
729 641 841 702 tamen
862 598 975 702 tim’eo:
1001 638 1107 722 fmor,
1129 571 1207 704 ἀΐξῃ

247 730 333 813 licet,
355 731 442 812 opto,
464 730 502 791 ut
523 747 651 812 semper
666 726 776 808 lioeat3
799 726 827 790 si
843 725 878 790 id
896 727 1004 790 minus
1024 728 1206 812 eontigerit,

247 822 373 901 tomen,
403 815 557 900 quoniam
584 835 659 899 ego,
691 814 742 878 vir
767 813 863 878 fortis
889 814 1038 899 idemque
1064 816 1206 899 philoso-

247 907 346 991 phus,
368 905 474 969 vivere
501 902 753 988 pulcherrimum
774 901 866 985 duxi,
888 924 956 968 non
977 925 1111 986 possum
1133 926 1207 968 eum

247 1015 317 1060 nou
347 993 494 1078 diligere,
525 991 616 1057 cuius
648 990 804 1056 beneficio
835 991 871 1054 id
900 995 1092 1056 consecutus
1121 1014 1207 1076 sum3

248 1083 305 1166 qui
327 1083 356 1147 si
377 1082 489 1166 cupiat
514 1101 584 1146 esse
614 1101 684 1144 rem
710 1079 887 1164 publicam,
913 1081 1041 1163 qualem
1068 1080 1208 1146 fortasse

248 1175 283 1236 et
303 1172 358 1236 ille
380 1171 452 1236 vult
478 1173 511 1234 et
537 1190 650 1235 omnes
677 1171 789 1252 optare
811 1167 977 1251 debemus,
1003 1169 1080 1252 quid
1107 1169 1208 1234 faciat

211 1271 229 1321 o
247 1264 359 1325 tamen
375 1281 444 1324 non
460 1259 573 1323 habet:
594 1259 642 1322 ita
660 1277 786 1320 seeum
804 1255 915 1320 multis
933 1257 1107 1342 colligavit
1143 1255 1208 1322 Sed

247 1349 378 1433 lougius
400 1346 604 1432 progredi013
626 1345 732 1410 soribo
755 1345 843 1408 euim
864 1344 906 1408 ad
923 1348 966 1409 te.
1001 1343 1074 1410 Hos
1095 1349 1207 1411 tamen

248 1437 345 1521 seito,
374 1457 443 1500 nou
474 1433 570 1500 modo
594 1455 659 1517 me,
690 1432 746 1516 qui
773 1433 915 1498 oonsffiis
941 1455 1011 1498 non
1038 1434 1207 1517 intersum,
1316 1473 1317 1516 l

247 1525 304 1589 sed
321 1545 363 1588 ne
380 1524 487 1608 ipsum
506 1521 635 1606 quidem
652 1521 831 1605 prinoipem
849 1522 939 1606 seire,
961 1522 1039 1605 quid
1059 1522 1207 1586 futurum
1316 1549 1317 1590 o

248 1613 304 1696 sit3
334 1634 396 1678 nos
428 1611 515 1676 euim
546 1610 595 1674 illi
622 1609 791 1692 servimus,
817 1609 887 1693 ipse
913 1599 1126 1694 temporibub:
1158 1611 1207 1676 ita
1316 1601 1317 1644 l

246 1722 308 1766 neo
337 1701 405 1784 ille,
437 1699 514 1783 quid
536 1702 684 1782 tempora
709 1698 913 1781 postudotura
939 1699 1017 1783 sint,
1048 1720 1108 1763 neo
1134 1721 1207 1784 nos,

247 1788 325 1874 quid
346 1790 402 1853 ille
424 1788 559 1873 cogitet,
582 1788 662 1852 seire
684 1807 865 1870 possumus.
913 1786 1003 1852 Haeo
1024 1788 1086 1852 tibi
1108 1791 1208 1853 antea

246 1899 316 1944 non
337 1877 497 1961 rescripsi,
519 1896 587 1940 nou
610 1897 674 1960 quo
693 1877 836 1940 cessator
854 1896 924 1940 esse
947 1876 1092 1960 solerem,
1113 1897 1207 1959 prae-

247 1967 358 2033 sertim
380 1967 416 2030 in
437 1965 568 2048 litteris,
591 1963 660 2047 sed,
688 1985 787 2046 quum
814 1964 972 2048 explorati
998 1963 1080 2028 nihil
1106 1964 1207 2029 habe-

246 2077 324 2140 rem,
346 2075 407 2120 neo
428 2053 490 2119 tibi
508 2053 757 2118 sollicitudinem
779 2073 820 2115 ex
836 2052 1036 2117 dubitatione
1055 2074 1127 2117 mea
1144 2074 1206 2118 neo

246 2166 338 2229 spem
369 2165 409 2208 ex
440 2142 655 2208 affirmatione
687 2140 799 2204 efferre
831 2141 927 2205 volui.
980 2139 1065 2205 Illud
1094 2145 1206 2205 tamen
1315 2139 1316 2150 ’

245 2233 415 2316 ascribam,
437 2230 524 2316 quod
547 2235 598 2295 est
618 2229 834 2313 verissimum,
856 2249 907 2292 me
929 2229 981 2294 his
1003 2229 1205 2313 temporibus

246 2321 353 2386 adhue
375 2319 414 2383 de
435 2319 500 2384 isto
523 2317 665 2402 periculo
688 2316 771 2380 nihil
793 2315 933 2382 audisse:
955 2321 993 2381 tu
1010 2320 1122 2382 tumen
1143 2339 1204 2402 pro

245 2413 305 2473 tua
326 2407 486 2492 sapientis
508 2405 638 2470 debebis
661 2406 774 2487 optare
797 2405 933 2489 optima,
954 2405 1098 2491 eogitone
1121 2405 1204 2470 diffi-

246 2496 375 2580 oillima,
396 2495 480 2559 ferre
503 2512 722 2578 quaecumque
745 2496 848 2557 suunt
1315 2503 1316 2544 ἐ

661 2703 784 2770 XVIII.

246 2819 305 2877 Sor.
328 2820 358 2874 in
381 2817 539 2874 Tusculano
566 2819 684 2872 exeunte
711 2834 805 2873 mense
829 2815 963 2882 Quinotili
990 2817 1067 2885 (ante
1089 2815 1148 2871 VII.
1169 2815 1202 2870 K.

575 2887 661 2955 Sext.)
679 2905 703 2942 a.
723 2907 751 2942 u.
771 2906 794 2943 o.
815 2893 872 2942 708,

535 3011 664 3068 CICERO
684 3012 710 3067 S.
729 3011 763 3067 D.
781 3009 910 3067 PAETO.

212 3133 234 3186 ι.
314 3112 420 3190 Quum
452 3132 555 3177 essem
586 3113 709 3178 otiosus
739 3112 775 3176 in
804 3111 1001 3194 Tusculano,
1032 3113 1203 3194 propterea

247 3202 334 3288 quod
347 3200 522 3286 discipulos
535 3200 663 3266 obviem
676 3201 836 3285 miseram,
855 3203 893 3264 ut
911 3198 1022 3264 eadem
1039 3218 1091 3263 me
1106 3219 1203 3282 quam
1314 3199 1315 3268 j

247 3291 384 3356 maxime
412 3290 621 3355 conciliarent
646 3289 799 3354 familiari
826 3311 898 3372 suo,
925 3287 1034 3371 aaoepi
1055 3289 1129 3351 tuas
1151 3285 1207 3349 lit'
1314 3317 1315 3342 l

246 3383 334 3446 teras
356 3379 557 3464 plenissimus
577 3377 754 3460 suauitatis,
776 3398 815 3440 ex
833 3376 949 3461 quibus
966 3374 1111 3439 intellexi
1130 3395 1202 3459 pro-

247 3467 319 3532 bari
335 3466 397 3532 tibi
414 3489 522 3533 meum
540 3466 719 3548 eonsilium,
737 3466 833 3549 quod,
849 3467 887 3528 ut
899 3462 1075 3546 Dionysius
1093 3465 1202 3548 tyran·

247 3575 324 3639 nus,
351 3576 450 3638 quum
472 3553 637 3641 Syracusis
659 3554 772 3638 pulsus
795 3555 892 3636 esset,
915 3549 1065 3616 Corinthi
1087 3549 1203 3616 dicitur
