2556 3986
341 215 600 272 arrsuouneuu
618 215 679 271 xv.
698 223 722 270 4.
743 221 767 270 5.
965 212 1033 278 513

72 363 163 448 quod
186 363 214 428 si
237 359 398 446 triumphi,
419 362 678 447 praerogativam
704 364 799 445 putas
827 360 1033 445 supplicatio-

66 474 152 518 nem
170 451 339 516 etidcirco
358 473 468 515 casum
486 451 594 535 potius
614 471 710 533 quam
730 453 762 514 te
780 449 905 514 laudari
922 448 1034 533 maris,

72 561 181 625 neque
205 539 473 625 supplicationem
496 539 639 624 sequitur
658 560 783 624 semper
800 537 983 622 triumphus
1002 540 1035 602 et

74 627 244 713 triumpho
266 629 369 693 multo
392 629 510 693 clarius
529 631 579 692 est
598 632 745 693 senatum
763 627 902 693 iudicare
925 627 1034 712 potius

74 716 326 782 mansuetudine
349 720 382 782 et
403 717 590 782 innocentia
609 717 812 802 imperatoris
835 715 1035 801 provinciam
1137 752 1143 765 ·

77 827 178 890 quam
200 806 232 871 ri
254 805 393 870 militum
416 809 473 870 aut
494 806 696 892 benignitate
720 805 853 871 deorum
874 808 1035 870 retentam

76 898 176 979 atque
209 898 431 960 conservatam
462 915 545 979 esse,
572 895 657 979 quod
685 914 746 980 ego
773 916 846 960 mea
875 893 1036 959 sententia

77 983 259 1050 censebam.
308 982 416 1068 Atque
442 983 524 1048 haec
551 1003 612 1070 ego
639 983 758 1049 idcireo
790 983 832 1048 ad
862 986 895 1047 te
923 985 1070 1048 contrat

77 1071 346 1138 consuetudinem
364 1092 469 1137 meam
487 1072 632 1158 pluribus
651 1072 773 1158 scripsi,
795 1075 840 1155 ut,
863 1070 949 1155 quod
971 1092 1037 1135 ma·

77 1161 164 1225 xime
191 1161 281 1245 volo,
312 1159 474 1226 existimes
496 1181 548 1226 me
574 1161 735 1240 laborare,
762 1163 800 1225 ut
826 1159 886 1224 tibi
908 1180 1037 1243 persua·

79 1249 174 1314 deam
196 1253 304 1314 meet
330 1250 469 1315 voluisse
502 1250 540 1316 de
562 1254 620 1315 tua
646 1249 828 1333 maiestate,
859 1248 945 1333 quod
972 1269 1037 1312 am-

78 1338 262 1422 plissimum
295 1360 365 1404 sum
398 1339 586 1422 arbitratus,
622 1342 670 1424 et,
702 1339 788 1423 quod
819 1341 857 1402 tu
888 1337 1038 1422 maluisti,

79 1426 203 1492 factum
231 1448 300 1492 esse
327 1426 475 1513 gaudere.
520 1426 602 1494 Vale
625 1431 659 1492 et
680 1449 739 1494 nos
767 1427 865 1513 dilige
888 1430 922 1491 et
946 1426 1038 1491 insti·

79 1517 154 1581 tuto
175 1516 292 1582 itinere
314 1517 518 1582 severitatem
541 1517 804 1602 diligentiamque
823 1515 918 1582 sociis
936 1518 970 1581 et
991 1515 1038 1580 rei

78 1603 230 1688 publicae
252 1609 390 1690 praesta

528 1815 586 1881 VI.

83 1925 141 1981 Ser.
166 1925 196 1994 in
219 1925 318 1982 Cilicia
340 1942 435 1982 mense
454 1925 588 1992 Quinotill
600 1927 668 2053 ,gp
687 1927 760 1982 Non.
782 1926 828 1982 rel
850 1926 946 1996 paullo
965 1927 1041 1996 post)

466 2013 491 2052 a.
510 2016 537 2052 u.
556 2015 579 2053 c.
653 2039 659 2052 .

310 2121 348 2176 M.
367 2119 496 2177 CICERO
516 2120 544 2176 S.
561 2120 595 2176 D.
613 2120 651 2174 M.
670 2119 814 2175 CATONI.

169 2221 288 2286 Laetus
312 2243 384 2286 sum
399 2221 531 2286 laudari
549 2219 626 2304 me“,
649 2220 754 2304 inquit
772 2219 903 2304 Hector,
926 2220 1041 2304 opinor
1061 2236 1074 2285 ι

85 2271 171 2396 apud
194 2307 363 2394 Naevium,
389 2310 465 2394 „abs
488 2313 533 2394 te,
555 2313 658 2394 pater,
680 2331 700 2372 a
721 2308 852 2374 laudato
876 2307 977 2392 riro“;
1004 2329 1042 2373 ea

84 2403 135 2464 est
163 2399 250 2464 enim
276 2399 423 2483 profecto
449 2398 589 2464 iucunda
615 2397 699 2482 laus,
726 2419 808 2482 quae
836 2398 877 2465 ab
906 2397 946 2462 iis
968 2418 1041 2483 pro·

83 2487 247 2571 ficiscitru,
270 2487 325 2572 qui
348 2487 410 2572 ipsi
432 2487 467 2552 in
489 2487 584 2552 laude
607 2487 764 2552 vixerunt.
799 2486 873 2572 Ego
896 2507 972 2551 vero
991 2487 1043 2552 rel

85 2576 304 2661 gratulatione
326 2577 507 2641 litterarum
530 2580 660 2641 tuarum
681 2575 733 2640 vel
754 2575 947 2642 testimoniis
971 2595 1041 2641 sen·

85 2665 207 2728 tentiae
238 2664 343 2730 dictae
374 2665 457 2729 nihil
489 2667 539 2730 est
570 2663 657 2750 quod
685 2686 739 2729 me
766 2686 834 2731 non
861 2667 1042 2729 assecutum

86 2755 206 2837 putem,
228 2753 323 2838 idque
346 2753 426 2818 mihi
449 2775 547 2838 quum
571 2753 812 2838 amplissimum,
834 2756 905 2818 tum
928 2753 1042 2838 gratis-

87 2841 204 2906 simum
218 2845 275 2925 est,
293 2846 326 2907 te
339 2842 478 2909 libenter
491 2842 650 2907 amicitiae
665 2840 799 2925 dedisse,
817 2840 903 2926 quod
920 2840 1042 2926 liquido

85 2929 216 2994 veritati
247 2931 348 2996 dares.
400 2930 458 3015 ue,
489 2931 517 2996 si
548 2951 616 2996 non
647 2931 744 2996 'modo
776 2951 900 3015 omnes,
931 2951 1043 2995 verum

86 3019 185 3084 etiam
211 3019 306 3084 multi
333 3017 473 3085 Catones
500 3023 609 3085 essent
634 3019 670 3083 in
701 3019 831 3085 civitate
853 3022 979 3102 nostra,
1007 3019 1044 3082 in

86 3129 151 3191 qua
173 3127 274 3172 unum
298 3108 456 3174 exstitisse
474 3109 620 3174 mirabile
639 3112 697 3192 est,
720 3129 815 3193 quem
833 3129 893 3194 ego
914 3129 1043 3172 currum

86 3199 145 3261 aut
166 3218 263 3281 quam
284 3197 428 3262 lauream
451 3192 523 3262 oum
545 3201 602 3262 tua
629 3196 814 3262 laudatione
842 3195 1042 3262 conferrem?

86 3306 163 3350 nem
182 3284 223 3349 ad
241 3306 347 3351 meum
366 3307 495 3350 sensum
512 3289 545 3350 et
566 3285 607 3350 ad
625 3285 704 3349 illud
727 3286 887 3351 sincerum
910 3305 947 3348 ao
970 3285 1043 3349 sub·

86 3373 143 3438 tile
165 3373 319 3438 iudicium
342 3374 424 3439 nihil
446 3377 554 3458 potest
576 3395 645 3440 esse
667 3373 860 3440 laudabilius
885 3394 982 3457 quam
1005 3393 1044 3438 ea

158 3563 209 3634 Ep.
229 3571 254 3633 5,
269 3572 294 3620 3.
330 3581 390 3621 sum
409 3565 560 3620 arbitratus
579 3565 643 3635 (N.).
679 3566 731 3621 um
749 3581 775 3621 a.
793 3565 860 3621 ΜΒ.

142 3651 365 3704 claennabur.
795 3659 829 3708 33
