<?xml version="1.0" encoding="UTF-8"?>
<!DOCTYPE html PUBLIC "-//W3C//DTD XHTML 1.0 Transitional//EN"
    "http://www.w3.org/TR/xhtml1/DTD/xhtml1-transitional.dtd">
<html xmlns="http://www.w3.org/1999/xhtml" xml:lang="en" lang="en">
 <head>
  <title>
</title>
<meta http-equiv="Content-Type" content="text/html;charset=utf-8" />
  <meta name='ocr-system' content='tesseract 3.04.00' />
  <meta name='ocr-capabilities' content='ocr_page ocr_carea ocr_par ocr_line ocrx_word'/>
</head>
<body>
  <div class='ocr_page' id='page_1' title='image "./epistolae00wesegoog_0316.png"; bbox 0 0 2676 3984; ppageno 0'>
   <div class='ocr_carea' id='block_1_1' title="bbox 233 220 906 286">
    <p class='ocr_par' dir='ltr' id='par_1_1' title="bbox 233 220 906 286">
     <span class='ocr_line' id='line_1_1' title="bbox 233 220 906 286; baseline 0 -10"><span class='ocrx_word' id='word_1_1' title='bbox 233 222 301 286; x_wconf 84' lang='grc'>304</span> <span class='ocrx_word' id='word_1_2' title='bbox 516 221 554 276; x_wconf 83' lang='lat' dir='ltr'>M.</span> <span class='ocrx_word' id='word_1_3' title='bbox 574 221 698 276; x_wconf 82' lang='lat' dir='ltr'>TULLII</span> <span class='ocrx_word' id='word_1_4' title='bbox 716 220 906 276; x_wconf 81' lang='lat' dir='ltr'>CICERONIS</span> 
     </span>
    </p>
   </div>
   <div class='ocr_carea' id='block_1_2' title="bbox 233 364 1196 542">
    <p class='ocr_par' dir='ltr' id='par_1_2' title="bbox 233 364 1196 542">
     <span class='ocr_line' id='line_1_2' title="bbox 234 364 1195 452; baseline 0.001 -21"><span class='ocrx_word' id='word_1_5' title='bbox 234 366 390 432; x_wconf 87' lang='lat' dir='ltr'>memoria</span> <span class='ocrx_word' id='word_1_6' title='bbox 421 366 563 430; x_wconf 86' lang='lat' dir='ltr'>teneant</span> <span class='ocrx_word' id='word_1_7' title='bbox 611 364 702 430; x_wconf 87' lang='lat' dir='ltr'>Ate</span> <span class='ocrx_word' id='word_1_8' title='bbox 733 369 823 450; x_wconf 92' lang='lat' dir='ltr'>peto,</span> <span class='ocrx_word' id='word_1_9' title='bbox 853 369 891 430; x_wconf 89' lang='lat' dir='ltr'>nt</span> <span class='ocrx_word' id='word_1_10' title='bbox 922 365 1074 452; x_wconf 82' lang='lat' dir='ltr'>dignitati</span> <span class='ocrx_word' id='word_1_11' title='bbox 1101 387 1195 432; x_wconf 87' lang='lat' dir='ltr'>meae</span> 
     </span>
     <span class='ocr_line' id='line_1_3' title="bbox 233 454 1196 542; baseline 0.001 -22"><span class='ocrx_word' id='word_1_12' title='bbox 233 455 420 542; x_wconf 83' lang='lat' dir='ltr'>suffrageris</span> <span class='ocrx_word' id='word_1_13' title='bbox 447 457 494 539; x_wconf 91' lang='lat' dir='ltr'>et,</span> <span class='ocrx_word' id='word_1_14' title='bbox 525 475 661 539; x_wconf 84' lang='lat' dir='ltr'>quarum</span> <span class='ocrx_word' id='word_1_15' title='bbox 692 475 799 520; x_wconf 87' lang='lat' dir='ltr'>rerum</span> <span class='ocrx_word' id='word_1_16' title='bbox 827 476 883 539; x_wconf 86' lang='lat' dir='ltr'>spe</span> <span class='ocrx_word' id='word_1_17' title='bbox 915 454 956 518; x_wconf 84' lang='lat' dir='ltr'>ad</span> <span class='ocrx_word' id='word_1_18' title='bbox 984 454 1114 520; x_wconf 87' lang='lat' dir='ltr'>laudem</span> <span class='ocrx_word' id='word_1_19' title='bbox 1141 475 1196 521; x_wconf 90' lang='lat' dir='ltr'>me</span> 
     </span>
    </p>
   </div>
   <div class='ocr_carea' id='block_1_3' title="bbox 234 543 1311 627">
    <p class='ocr_par' dir='ltr' id='par_1_3' title="bbox 234 543 1311 627">
     <span class='ocr_line' id='line_1_4' title="bbox 234 543 1311 627; baseline 0 -19"><span class='ocrx_word' id='word_1_20' title='bbox 234 545 367 625; x_wconf 80' lang='lat' dir='ltr'>vocasti,</span> <span class='ocrx_word' id='word_1_21' title='bbox 385 543 502 608; x_wconf 89' lang='lat' dir='ltr'>harum</span> <span class='ocrx_word' id='word_1_22' title='bbox 518 543 627 608; x_wconf 87' lang='lat' dir='ltr'>fructu</span> <span class='ocrx_word' id='word_1_23' title='bbox 644 543 680 606; x_wconf 90' lang='lat' dir='ltr'>in</span> <span class='ocrx_word' id='word_1_24' title='bbox 698 543 857 627; x_wconf 90' lang='lat' dir='ltr'>reliquum</span> <span class='ocrx_word' id='word_1_25' title='bbox 875 543 975 608; x_wconf 86' lang='lat' dir='ltr'>facias</span> <span class='ocrx_word' id='word_1_26' title='bbox 993 544 1194 610; x_wconf 77' lang='lat' dir='ltr'>alacriorem.</span> <span class='ocrx_word' id='word_1_27' title='bbox 1310 575 1311 584; x_wconf 45' lang='lat'>¹</span> 
     </span>
    </p>
   </div>
   <div class='ocr_carea' id='block_1_4' title="bbox 233 631 1194 806">
    <p class='ocr_par' dir='ltr' id='par_1_4' title="bbox 233 631 1194 806">
     <span class='ocr_line' id='line_1_5' title="bbox 234 631 1194 716; baseline 0.003 -20"><span class='ocrx_word' id='word_1_28' title='bbox 234 631 312 698; x_wconf 89' lang='lat' dir='ltr'>Non</span> <span class='ocrx_word' id='word_1_29' title='bbox 337 632 445 696; x_wconf 89' lang='lat' dir='ltr'>minus</span> <span class='ocrx_word' id='word_1_30' title='bbox 472 653 566 716; x_wconf 90' lang='lat' dir='ltr'>posse</span> <span class='ocrx_word' id='word_1_31' title='bbox 593 633 626 696; x_wconf 89' lang='lat' dir='ltr'>te</span> <span class='ocrx_word' id='word_1_32' title='bbox 654 652 750 714; x_wconf 86' lang='lat' dir='ltr'>quam</span> <span class='ocrx_word' id='word_1_33' title='bbox 776 633 858 696; x_wconf 83' lang='lat' dir='ltr'>velle</span> <span class='ocrx_word' id='word_1_34' title='bbox 888 633 1090 716; x_wconf 79' lang='lat' dir='ltr'>exploratum</span> <span class='ocrx_word' id='word_1_35' title='bbox 1112 632 1194 698; x_wconf 87' lang='lat' dir='ltr'>mihi</span> 
     </span>
     <span class='ocr_line' id='line_1_6' title="bbox 233 719 956 806; baseline -0.001 -20"><span class='ocrx_word' id='word_1_36' title='bbox 233 724 292 786; x_wconf 88' lang='lat' dir='ltr'>est</span> <span class='ocrx_word' id='word_1_37' title='bbox 336 719 402 786; x_wconf 84' lang='lat' dir='ltr'>Fac</span> <span class='ocrx_word' id='word_1_38' title='bbox 422 720 532 785; x_wconf 84' lang='lat' dir='ltr'>valeas</span> <span class='ocrx_word' id='word_1_39' title='bbox 554 740 673 803; x_wconf 86' lang='lat' dir='ltr'>meque</span> <span class='ocrx_word' id='word_1_40' title='bbox 694 719 956 806; x_wconf 80' lang='lat' dir='ltr'>mutuo-diligas.</span> 
     </span>
    </p>
   </div>
   <div class='ocr_carea' id='block_1_5' title="bbox 667 907 796 995">
    <p class='ocr_par' dir='ltr' id='par_1_5' title="bbox 667 907 796 995">
     <span class='ocr_line' id='line_1_7' title="bbox 667 907 796 995; baseline -0.008 0"><span class='ocrx_word' id='word_1_41' title='bbox 667 929 758 995; x_wconf 85' lang='lat' dir='ltr'>vm.</span> <span class='ocrx_word' id='word_1_42' title='bbox 789 907 796 922; x_wconf 81' lang='lat'><strong><em>‘</em></strong></span> 
     </span>
    </p>
   </div>
   <div class='ocr_carea' id='block_1_6' title="bbox 279 1042 1147 1114">
    <p class='ocr_par' dir='ltr' id='par_1_6' title="bbox 279 1042 1147 1114">
     <span class='ocr_line' id='line_1_8' title="bbox 279 1042 1147 1114; baseline -0.006 -13"><span class='ocrx_word' id='word_1_43' title='bbox 279 1043 337 1102; x_wconf 76' lang='lat' dir='ltr'>Ser.</span> <span class='ocrx_word' id='word_1_44' title='bbox 356 1043 385 1098; x_wconf 87' lang='lat' dir='ltr'>in</span> <span class='ocrx_word' id='word_1_45' title='bbox 404 1042 498 1098; x_wconf 86' lang='lat' dir='ltr'>Gallia</span> <span class='ocrx_word' id='word_1_46' title='bbox 512 1043 701 1114; x_wconf 81' lang='lat' dir='ltr'>Transalpina</span> <span class='ocrx_word' id='word_1_47' title='bbox 717 1058 812 1098; x_wconf 87' lang='lat' dir='ltr'>mense</span> <span class='ocrx_word' id='word_1_48' title='bbox 829 1043 932 1100; x_wconf 83' lang='lat' dir='ltr'>Martio</span> <span class='ocrx_word' id='word_1_49' title='bbox 952 1060 977 1098; x_wconf 88' lang='lat' dir='ltr'>a.</span> <span class='ocrx_word' id='word_1_50' title='bbox 996 1061 1023 1098; x_wconf 87' lang='lat' dir='ltr'>u.</span> <span class='ocrx_word' id='word_1_51' title='bbox 1042 1059 1066 1097; x_wconf 89' lang='lat' dir='ltr'>o.</span> <span class='ocrx_word' id='word_1_52' title='bbox 1087 1048 1147 1097; x_wconf 64' lang='lat'>211.</span> 
     </span>
    </p>
   </div>
   <div class='ocr_carea' id='block_1_7' title="bbox 201 1165 1192 2840">
    <p class='ocr_par' dir='ltr' id='par_1_7' title="bbox 235 1165 1191 1303">
     <span class='ocr_line' id='line_1_9' title="bbox 235 1165 1191 1224; baseline -0.002 0"><span class='ocrx_word' id='word_1_53' title='bbox 235 1167 400 1224; x_wconf 75' lang='lat' dir='ltr'>rnnnoos</span> <span class='ocrx_word' id='word_1_54' title='bbox 424 1167 497 1224; x_wconf 76' lang='lat' dir='ltr'>nir.</span> <span class='ocrx_word' id='word_1_55' title='bbox 520 1166 595 1223; x_wconf 86' lang='lat' dir='ltr'>oos.</span> <span class='ocrx_word' id='word_1_56' title='bbox 618 1165 736 1222; x_wconf 76' lang='lat' dir='ltr'>nnsis.</span> <span class='ocrx_word' id='word_1_57' title='bbox 761 1166 787 1221; x_wconf 90' lang='lat' dir='ltr'>s.</span> <span class='ocrx_word' id='word_1_58' title='bbox 811 1166 1031 1223; x_wconf 77' lang='lat' dir='ltr'>noussen.</span> <span class='ocrx_word' id='word_1_59' title='bbox 1055 1167 1114 1222; x_wconf 81' lang='lat' dir='ltr'>re.</span> <span class='ocrx_word' id='word_1_60' title='bbox 1137 1167 1191 1222; x_wconf 76' lang='lat' dir='ltr'>er.</span> 
     </span>
     <span class='ocr_line' id='line_1_10' title="bbox 347 1236 1074 1303; baseline 0.001 -9"><span class='ocrx_word' id='word_1_61' title='bbox 347 1238 506 1296; x_wconf 77' lang='lat' dir='ltr'><strong>SENATUI</strong></span> <span class='ocrx_word' id='word_1_62' title='bbox 524 1237 666 1294; x_wconf 79' lang='lat' dir='ltr'>POPULO</span> <span class='ocrx_word' id='word_1_63' title='bbox 686 1236 867 1303; x_wconf 83' lang='lat' dir='ltr'>PLEBIQUE</span> <span class='ocrx_word' id='word_1_64' title='bbox 885 1237 1074 1295; x_wconf 77' lang='lat' dir='ltr'>ROMANAE.</span> 
     </span>
    </p>

    <p class='ocr_par' dir='ltr' id='par_1_8' title="bbox 201 1337 1192 1777">
     <span class='ocr_line' id='line_1_11' title="bbox 201 1337 1192 1424; baseline 0.001 -21"><span class='ocrx_word' id='word_1_65' title='bbox 201 1355 216 1403; x_wconf 78' lang='grc' dir='ltr'>ι</span> <span class='ocrx_word' id='word_1_66' title='bbox 303 1338 412 1404; x_wconf 76' lang='lat' dir='ltr'>sicui</span> <span class='ocrx_word' id='word_1_67' title='bbox 437 1339 522 1404; x_wconf 88' lang='lat' dir='ltr'>forte</span> <span class='ocrx_word' id='word_1_68' title='bbox 548 1338 659 1403; x_wconf 81' lang='lat' dir='ltr'>videor</span> <span class='ocrx_word' id='word_1_69' title='bbox 682 1337 802 1403; x_wconf 86' lang='lat' dir='ltr'>diutius</span> <span class='ocrx_word' id='word_1_70' title='bbox 829 1341 862 1402; x_wconf 91' lang='lat' dir='ltr'>et</span> <span class='ocrx_word' id='word_1_71' title='bbox 890 1338 1059 1404; x_wconf 91' lang='lat' dir='ltr'>hominum</span> <span class='ocrx_word' id='word_1_72' title='bbox 1082 1361 1192 1424; x_wconf 86' lang='lat' dir='ltr'>exspe-</span> 
     </span>
     <span class='ocr_line' id='line_1_12' title="bbox 237 1426 1192 1510; baseline -0.001 -17"><span class='ocrx_word' id='word_1_73' title='bbox 237 1428 412 1492; x_wconf 89' lang='lat' dir='ltr'>ctationem</span> <span class='ocrx_word' id='word_1_74' title='bbox 439 1430 472 1491; x_wconf 90' lang='lat' dir='ltr'>et</span> <span class='ocrx_word' id='word_1_75' title='bbox 499 1447 588 1510; x_wconf 88' lang='lat' dir='ltr'>spem</span> <span class='ocrx_word' id='word_1_76' title='bbox 614 1426 661 1490; x_wconf 90' lang='lat' dir='ltr'>rei</span> <span class='ocrx_word' id='word_1_77' title='bbox 688 1426 835 1510; x_wconf 84' lang='lat' dir='ltr'>publicae</span> <span class='ocrx_word' id='word_1_78' title='bbox 863 1426 901 1492; x_wconf 91' lang='lat' dir='ltr'>de</span> <span class='ocrx_word' id='word_1_79' title='bbox 930 1449 1003 1491; x_wconf 86' lang='lat' dir='ltr'>mea</span> <span class='ocrx_word' id='word_1_80' title='bbox 1024 1428 1192 1493; x_wconf 87' lang='lat' dir='ltr'>voluntate</span> 
     </span>
     <span class='ocr_line' id='line_1_13' title="bbox 235 1511 1191 1599; baseline 0.001 -19"><span class='ocrx_word' id='word_1_81' title='bbox 235 1514 378 1580; x_wconf 89' lang='lat' dir='ltr'>tenuisse</span> <span class='ocrx_word' id='word_1_82' title='bbox 397 1511 595 1599; x_wconf 85' lang='lat' dir='ltr'>suspensam,</span> <span class='ocrx_word' id='word_1_83' title='bbox 616 1513 691 1578; x_wconf 89' lang='lat' dir='ltr'>huic</span> <span class='ocrx_word' id='word_1_84' title='bbox 709 1514 798 1598; x_wconf 91' lang='lat' dir='ltr'>prius</span> <span class='ocrx_word' id='word_1_85' title='bbox 818 1515 1034 1580; x_wconf 86' lang='lat' dir='ltr'>excusandum</span> <span class='ocrx_word' id='word_1_86' title='bbox 1052 1538 1103 1580; x_wconf 88' lang='lat' dir='ltr'>me</span> <span class='ocrx_word' id='word_1_87' title='bbox 1122 1538 1191 1582; x_wconf 88' lang='lat' dir='ltr'>esse</span> 
     </span>
     <span class='ocr_line' id='line_1_14' title="bbox 237 1602 1192 1688; baseline 0.001 -20"><span class='ocrx_word' id='word_1_88' title='bbox 237 1603 376 1668; x_wconf 74' lang='lat' dir='ltr'><strong>arbitror</strong></span> <span class='ocrx_word' id='word_1_89' title='bbox 403 1624 500 1687; x_wconf 89' lang='lat' dir='ltr'>quam</span> <span class='ocrx_word' id='word_1_90' title='bbox 527 1602 565 1666; x_wconf 89' lang='lat' dir='ltr'>de</span> <span class='ocrx_word' id='word_1_91' title='bbox 592 1602 775 1686; x_wconf 78' lang='lat' dir='ltr'>insequenti</span> <span class='ocrx_word' id='word_1_92' title='bbox 801 1603 908 1668; x_wconf 87' lang='lat' dir='ltr'>officio</span> <span class='ocrx_word' id='word_1_93' title='bbox 932 1603 1106 1688; x_wconf 82' lang='lat' dir='ltr'>quidquam</span> <span class='ocrx_word' id='word_1_94' title='bbox 1134 1605 1192 1670; x_wconf 89' lang='lat' dir='ltr'>ulli</span> 
     </span>
     <span class='ocr_line' id='line_1_15' title="bbox 236 1691 1191 1777; baseline 0.002 -21"><span class='ocrx_word' id='word_1_95' title='bbox 236 1691 466 1777; x_wconf 74' lang='lat' dir='ltr'>pollicendum,</span> <span class='ocrx_word' id='word_1_96' title='bbox 493 1712 561 1755; x_wconf 93' lang='lat' dir='ltr'>non</span> <span class='ocrx_word' id='word_1_97' title='bbox 589 1691 674 1755; x_wconf 89' lang='lat' dir='ltr'>enim</span> <span class='ocrx_word' id='word_1_98' title='bbox 701 1692 909 1775; x_wconf 86' lang='lat' dir='ltr'>praeteritam</span> <span class='ocrx_word' id='word_1_99' title='bbox 936 1692 1064 1776; x_wconf 85' lang='lat' dir='ltr'>culpam</span> <span class='ocrx_word' id='word_1_100' title='bbox 1090 1693 1191 1758; x_wconf 83' lang='lat' dir='ltr'>rideri</span> 
     </span>
    </p>

    <p class='ocr_par' dir='ltr' id='par_1_9' title="bbox 210 1779 1191 1866">
     <span class='ocr_line' id='line_1_16' title="bbox 210 1779 1191 1866; baseline 0 -20"><span class='ocrx_word' id='word_1_101' title='bbox 210 1782 311 1846; x_wconf 82' lang='lat' dir='ltr'>-volo</span> <span class='ocrx_word' id='word_1_102' title='bbox 338 1779 523 1863; x_wconf 81' lang='lat' dir='ltr'>redemisse,</span> <span class='ocrx_word' id='word_1_103' title='bbox 555 1779 611 1844; x_wconf 91' lang='lat' dir='ltr'>sed</span> <span class='ocrx_word' id='word_1_104' title='bbox 634 1780 774 1863; x_wconf 80' lang='lat' dir='ltr'>optimae</span> <span class='ocrx_word' id='word_1_105' title='bbox 801 1780 918 1844; x_wconf 83' lang='lat' dir='ltr'>mentis</span> <span class='ocrx_word' id='word_1_106' title='bbox 948 1781 1091 1866; x_wconf 76' lang='lat' dir='ltr'>cogitate</span> <span class='ocrx_word' id='word_1_107' title='bbox 1113 1782 1191 1846; x_wconf 88' lang='lat' dir='ltr'>iam-</span> 
     </span>
    </p>

    <p class='ocr_par' dir='ltr' id='par_1_10' title="bbox 201 1867 1192 2840">
     <span class='ocr_line' id='line_1_17' title="bbox 201 1867 1192 1955; baseline 0.006 -25"><span class='ocrx_word' id='word_1_108' title='bbox 201 1882 219 1930; x_wconf 77' lang='lat' dir='ltr'>c</span> <span class='ocrx_word' id='word_1_109' title='bbox 237 1870 361 1955; x_wconf 90' lang='lat' dir='ltr'>pridem</span> <span class='ocrx_word' id='word_1_110' title='bbox 383 1872 509 1933; x_wconf 90' lang='lat' dir='ltr'>maturo</span> <span class='ocrx_word' id='word_1_111' title='bbox 531 1871 677 1952; x_wconf 89' lang='lat' dir='ltr'>tempore</span> <span class='ocrx_word' id='word_1_112' title='bbox 707 1869 883 1933; x_wconf 88' lang='lat' dir='ltr'>enuntiare.</span> <span class='ocrx_word' id='word_1_113' title='bbox 928 1867 1005 1934; x_wconf 91' lang='lat' dir='ltr'>Non</span> <span class='ocrx_word' id='word_1_114' title='bbox 1027 1891 1078 1934; x_wconf 86' lang='lat' dir='ltr'>me</span> <span class='ocrx_word' id='word_1_115' title='bbox 1101 1892 1192 1955; x_wconf 90' lang='lat' dir='ltr'>prae·</span> 
     </span>
     <span class='ocr_line' id='line_1_18' title="bbox 236 1957 1192 2044; baseline 0.001 -21"><span class='ocrx_word' id='word_1_116' title='bbox 236 1959 356 2024; x_wconf 84' lang='lat' dir='ltr'>teribat</span> <span class='ocrx_word' id='word_1_117' title='bbox 377 1958 413 2023; x_wconf 94' lang='lat' dir='ltr'>in</span> <span class='ocrx_word' id='word_1_118' title='bbox 433 1960 527 2022; x_wconf 84' lang='lat' dir='ltr'>tanta</span> <span class='ocrx_word' id='word_1_119' title='bbox 550 1957 763 2022; x_wconf 86' lang='lat' dir='ltr'>sollicitudine</span> <span class='ocrx_word' id='word_1_120' title='bbox 786 1957 955 2022; x_wconf 89' lang='lat' dir='ltr'>hominurn</span> <span class='ocrx_word' id='word_1_121' title='bbox 976 1960 1099 2023; x_wconf 85' lang='lat' dir='ltr'>ettam</span> <span class='ocrx_word' id='word_1_122' title='bbox 1121 1981 1192 2044; x_wconf 90' lang='lat' dir='ltr'>per-</span> 
     </span>
     <span class='ocr_line' id='line_1_19' title="bbox 237 2045 1192 2132; baseline 0 -20"><span class='ocrx_word' id='word_1_123' title='bbox 237 2048 367 2113; x_wconf 88' lang='lat' dir='ltr'>turbato</span> <span class='ocrx_word' id='word_1_124' title='bbox 391 2049 479 2112; x_wconf 84' lang='lat' dir='ltr'>stetu</span> <span class='ocrx_word' id='word_1_125' title='bbox 502 2046 640 2111; x_wconf 83' lang='lat' dir='ltr'>civitatis</span> <span class='ocrx_word' id='word_1_126' title='bbox 661 2045 951 2112; x_wconf 81' lang='lat' dir='ltr'>fructuosissimam</span> <span class='ocrx_word' id='word_1_127' title='bbox 978 2067 1047 2112; x_wconf 86' lang='lat' dir='ltr'>esse</span> <span class='ocrx_word' id='word_1_128' title='bbox 1068 2048 1192 2132; x_wconf 84' lang='lat' dir='ltr'>profes·</span> 
     </span>
     <span class='ocr_line' id='line_1_20' title="bbox 238 2134 1192 2220; baseline -0.001 -18"><span class='ocrx_word' id='word_1_129' title='bbox 238 2137 363 2203; x_wconf 90' lang='lat' dir='ltr'>sionem</span> <span class='ocrx_word' id='word_1_130' title='bbox 380 2137 485 2202; x_wconf 86' lang='lat' dir='ltr'>bonae</span> <span class='ocrx_word' id='word_1_131' title='bbox 503 2135 690 2218; x_wconf 84' lang='lat' dir='ltr'>voluntatis,</span> <span class='ocrx_word' id='word_1_132' title='bbox 711 2155 912 2220; x_wconf 79' lang='lat' dir='ltr'>magnosque</span> <span class='ocrx_word' id='word_1_133' title='bbox 929 2134 1069 2202; x_wconf 83' lang='lat' dir='ltr'><strong>honores</strong></span> <span class='ocrx_word' id='word_1_134' title='bbox 1092 2158 1131 2201; x_wconf 86' lang='lat' dir='ltr'>ex</span> <span class='ocrx_word' id='word_1_135' title='bbox 1154 2159 1192 2201; x_wconf 90' lang='lat' dir='ltr'>ea</span> 
     </span>
     <span class='ocr_line' id='line_1_21' title="bbox 237 2222 1192 2310; baseline -0.001 -19"><span class='ocrx_word' id='word_1_136' title='bbox 237 2247 273 2290; x_wconf 90' lang='lat' dir='ltr'>re</span> <span class='ocrx_word' id='word_1_137' title='bbox 304 2226 485 2310; x_wconf 76' lang='lat' dir='ltr'>complures</span> <span class='ocrx_word' id='word_1_138' title='bbox 516 2227 705 2289; x_wconf 87' lang='lat' dir='ltr'>consecutos</span> <span class='ocrx_word' id='word_1_139' title='bbox 736 2222 898 2307; x_wconf 83' lang='lat' dir='ltr'>ridebam3</span> <span class='ocrx_word' id='word_1_140' title='bbox 930 2224 999 2309; x_wconf 89' lang='lat' dir='ltr'>sed,</span> <span class='ocrx_word' id='word_1_141' title='bbox 1031 2247 1130 2308; x_wconf 91' lang='lat' dir='ltr'>quum</span> <span class='ocrx_word' id='word_1_142' title='bbox 1156 2226 1192 2290; x_wconf 89' lang='lat' dir='ltr'>in</span> 
     </span>
     <span class='ocr_line' id='line_1_22' title="bbox 237 2311 1192 2396; baseline 0 -18"><span class='ocrx_word' id='word_1_143' title='bbox 237 2337 312 2380; x_wconf 91' lang='lat' dir='ltr'>eum</span> <span class='ocrx_word' id='word_1_144' title='bbox 334 2335 445 2378; x_wconf 85' lang='lat' dir='ltr'>casum</span> <span class='ocrx_word' id='word_1_145' title='bbox 466 2334 518 2376; x_wconf 88' lang='lat' dir='ltr'>me</span> <span class='ocrx_word' id='word_1_146' title='bbox 539 2311 672 2377; x_wconf 87' lang='lat' dir='ltr'>fortuna</span> <span class='ocrx_word' id='word_1_147' title='bbox 694 2311 887 2396; x_wconf 75' lang='lat' dir='ltr'>demisisset,</span> <span class='ocrx_word' id='word_1_148' title='bbox 909 2316 946 2377; x_wconf 90' lang='lat' dir='ltr'>ut</span> <span class='ocrx_word' id='word_1_149' title='bbox 968 2316 1026 2378; x_wconf 88' lang='lat' dir='ltr'>aut</span> <span class='ocrx_word' id='word_1_150' title='bbox 1047 2314 1192 2379; x_wconf 75' lang='lat' dir='ltr'>celeriter</span> 
     </span>
     <span class='ocr_line' id='line_1_23' title="bbox 238 2399 1191 2488; baseline 0 -21"><span class='ocrx_word' id='word_1_151' title='bbox 238 2401 418 2486; x_wconf 88' lang='lat' dir='ltr'>pollicendo</span> <span class='ocrx_word' id='word_1_152' title='bbox 442 2419 562 2485; x_wconf 82' lang='lat' dir='ltr'>magna</span> <span class='ocrx_word' id='word_1_153' title='bbox 583 2399 662 2464; x_wconf 88' lang='lat' dir='ltr'>mihi</span> <span class='ocrx_word' id='word_1_154' title='bbox 684 2400 753 2484; x_wconf 88' lang='lat' dir='ltr'>ipse</span> <span class='ocrx_word' id='word_1_155' title='bbox 777 2400 818 2464; x_wconf 89' lang='lat' dir='ltr'>ad</span> <span class='ocrx_word' id='word_1_156' title='bbox 840 2401 1072 2485; x_wconf 88' lang='lat' dir='ltr'>proficiendum</span> <span class='ocrx_word' id='word_1_157' title='bbox 1092 2402 1191 2488; x_wconf 91' lang='lat' dir='ltr'>impe·</span> 
     </span>
     <span class='ocr_line' id='line_1_24' title="bbox 238 2488 1191 2575; baseline 0.002 -21"><span class='ocrx_word' id='word_1_158' title='bbox 238 2491 381 2554; x_wconf 79' lang='lat' dir='ltr'>dimonte</span> <span class='ocrx_word' id='word_1_159' title='bbox 404 2508 599 2573; x_wconf 91' lang='lat' dir='ltr'>opponerem</span> <span class='ocrx_word' id='word_1_160' title='bbox 622 2491 691 2571; x_wconf 89' lang='lat' dir='ltr'>aut,</span> <span class='ocrx_word' id='word_1_161' title='bbox 714 2488 742 2552; x_wconf 91' lang='lat' dir='ltr'>si</span> <span class='ocrx_word' id='word_1_162' title='bbox 764 2488 800 2553; x_wconf 94' lang='lat' dir='ltr'>in</span> <span class='ocrx_word' id='word_1_163' title='bbox 823 2510 860 2554; x_wconf 90' lang='lat' dir='ltr'>eo</span> <span class='ocrx_word' id='word_1_164' title='bbox 883 2489 964 2554; x_wconf 92' lang='lat' dir='ltr'>mihi</span> <span class='ocrx_word' id='word_1_165' title='bbox 985 2492 1191 2575; x_wconf 77' lang='lat' dir='ltr'>temporarie·</span> 
     </span>
     <span class='ocr_line' id='line_1_25' title="bbox 239 2575 1192 2664; baseline 0.002 -21"><span class='ocrx_word' id='word_1_166' title='bbox 239 2599 319 2662; x_wconf 90' lang='lat' dir='ltr'>sem,</span> <span class='ocrx_word' id='word_1_167' title='bbox 346 2578 483 2642; x_wconf 85' lang='lat' dir='ltr'>maiores</span> <span class='ocrx_word' id='word_1_168' title='bbox 506 2575 690 2642; x_wconf 75' lang='lat' dir='ltr'>occasiones</span> <span class='ocrx_word' id='word_1_169' title='bbox 718 2576 759 2640; x_wconf 86' lang='lat' dir='ltr'>ad</span> <span class='ocrx_word' id='word_1_170' title='bbox 782 2577 1006 2662; x_wconf 86' lang='lat' dir='ltr'>opitulandum</span> <span class='ocrx_word' id='word_1_171' title='bbox 1030 2579 1192 2664; x_wconf 88' lang='lat' dir='ltr'>haberem,</span> 
     </span>
     <span class='ocr_line' id='line_1_26' title="bbox 238 2665 1192 2750; baseline 0.003 -19"><span class='ocrx_word' id='word_1_172' title='bbox 238 2666 416 2750; x_wconf 84' lang='lat' dir='ltr'>expeditius</span> <span class='ocrx_word' id='word_1_173' title='bbox 438 2666 501 2730; x_wconf 89' lang='lat' dir='ltr'>iter</span> <span class='ocrx_word' id='word_1_174' title='bbox 523 2665 701 2730; x_wconf 87' lang='lat' dir='ltr'>communis</span> <span class='ocrx_word' id='word_1_175' title='bbox 725 2666 838 2730; x_wconf 85' lang='lat' dir='ltr'>salutis</span> <span class='ocrx_word' id='word_1_176' title='bbox 857 2689 953 2750; x_wconf 78' lang='lat' dir='ltr'>quem</span> <span class='ocrx_word' id='word_1_177' title='bbox 976 2689 1065 2732; x_wconf 88' lang='lat' dir='ltr'>meae</span> <span class='ocrx_word' id='word_1_178' title='bbox 1087 2669 1192 2734; x_wconf 89' lang='lat' dir='ltr'>laudis</span> 
     </span>
     <span class='ocr_line' id='line_1_27' title="bbox 238 2751 1192 2840; baseline 0.002 -20"><span class='ocrx_word' id='word_1_179' title='bbox 238 2777 307 2820; x_wconf 89' lang='lat' dir='ltr'>esse</span> <span class='ocrx_word' id='word_1_180' title='bbox 339 2755 435 2820; x_wconf 85' lang='lat' dir='ltr'>volui.</span> <span class='ocrx_word' id='word_1_181' title='bbox 479 2751 566 2819; x_wconf 86' lang='lat' dir='ltr'>Nam</span> <span class='ocrx_word' id='word_1_182' title='bbox 597 2753 668 2838; x_wconf 84' lang='lat' dir='ltr'>quis</span> <span class='ocrx_word' id='word_1_183' title='bbox 697 2753 732 2817; x_wconf 91' lang='lat' dir='ltr'>in</span> <span class='ocrx_word' id='word_1_184' title='bbox 764 2775 802 2819; x_wconf 89' lang='lat' dir='ltr'>ea</span> <span class='ocrx_word' id='word_1_185' title='bbox 832 2754 977 2839; x_wconf 86' lang='lat' dir='ltr'>fortuna,</span> <span class='ocrx_word' id='word_1_186' title='bbox 1009 2778 1091 2840; x_wconf 89' lang='lat' dir='ltr'>quae</span> <span class='ocrx_word' id='word_1_187' title='bbox 1120 2779 1192 2822; x_wconf 91' lang='lat' dir='ltr'>mea</span> 
     </span>
    </p>
   </div>
   <div class='ocr_carea' id='block_1_8' title="bbox 239 2843 1315 2929">
    <p class='ocr_par' dir='ltr' id='par_1_11' title="bbox 239 2843 1315 2929">
     <span class='ocr_line' id='line_1_28' title="bbox 239 2843 1315 2929; baseline 0 -21"><span class='ocrx_word' id='word_1_188' title='bbox 239 2847 301 2928; x_wconf 88' lang='lat' dir='ltr'>est,</span> <span class='ocrx_word' id='word_1_189' title='bbox 324 2847 356 2908; x_wconf 89' lang='lat' dir='ltr'>et</span> <span class='ocrx_word' id='word_1_190' title='bbox 379 2843 419 2908; x_wconf 89' lang='lat' dir='ltr'>ab</span> <span class='ocrx_word' id='word_1_191' title='bbox 443 2865 482 2907; x_wconf 86' lang='lat' dir='ltr'>ea</span> <span class='ocrx_word' id='word_1_192' title='bbox 502 2843 584 2927; x_wconf 82' lang='lat' dir='ltr'>rita,</span> <span class='ocrx_word' id='word_1_193' title='bbox 613 2864 710 2926; x_wconf 92' lang='lat' dir='ltr'>quam</span> <span class='ocrx_word' id='word_1_194' title='bbox 730 2843 767 2907; x_wconf 91' lang='lat' dir='ltr'>in</span> <span class='ocrx_word' id='word_1_195' title='bbox 793 2863 845 2908; x_wconf 89' lang='lat' dir='ltr'>me</span> <span class='ocrx_word' id='word_1_196' title='bbox 869 2845 1033 2929; x_wconf 85' lang='lat' dir='ltr'>cognitam</span> <span class='ocrx_word' id='word_1_197' title='bbox 1054 2844 1192 2910; x_wconf 87' lang='lat' dir='ltr'>homini·</span> <span class='ocrx_word' id='word_1_198' title='bbox 1314 2857 1315 2890; x_wconf 47' lang='grc' dir='ltr'>ἒ</span> 
     </span>
    </p>
   </div>
   <div class='ocr_carea' id='block_1_9' title="bbox 203 2931 1193 3620">
    <p class='ocr_par' dir='ltr' id='par_1_12' title="bbox 203 2931 1193 3620">
     <span class='ocr_line' id='line_1_29' title="bbox 237 2931 1192 3016; baseline 0.002 -19"><span class='ocrx_word' id='word_1_199' title='bbox 237 2933 298 2997; x_wconf 91' lang='lat' dir='ltr'>bus</span> <span class='ocrx_word' id='word_1_200' title='bbox 331 2931 483 3015; x_wconf 87' lang='lat' dir='ltr'>arbitror,</span> <span class='ocrx_word' id='word_1_201' title='bbox 513 2935 547 2996; x_wconf 92' lang='lat' dir='ltr'>et</span> <span class='ocrx_word' id='word_1_202' title='bbox 577 2952 651 2996; x_wconf 86' lang='lat' dir='ltr'>cum</span> <span class='ocrx_word' id='word_1_203' title='bbox 682 2952 720 2996; x_wconf 90' lang='lat' dir='ltr'>ea</span> <span class='ocrx_word' id='word_1_204' title='bbox 750 2953 819 3016; x_wconf 90' lang='lat' dir='ltr'>spe,</span> <span class='ocrx_word' id='word_1_205' title='bbox 851 2954 948 3016; x_wconf 86' lang='lat' dir='ltr'>quam</span> <span class='ocrx_word' id='word_1_206' title='bbox 978 2933 1014 2998; x_wconf 94' lang='lat' dir='ltr'>in</span> <span class='ocrx_word' id='word_1_207' title='bbox 1042 2934 1192 2999; x_wconf 84' lang='lat' dir='ltr'>manibus</span> 
     </span>
     <span class='ocr_line' id='line_1_30' title="bbox 237 3019 1193 3107; baseline 0.001 -20"><span class='ocrx_word' id='word_1_208' title='bbox 237 3021 352 3105; x_wconf 88' lang='lat' dir='ltr'>habeo,</span> <span class='ocrx_word' id='word_1_209' title='bbox 370 3024 427 3084; x_wconf 87' lang='lat' dir='ltr'>aut</span> <span class='ocrx_word' id='word_1_210' title='bbox 445 3019 610 3086; x_wconf 84' lang='lat' dir='ltr'>sordidum</span> <span class='ocrx_word' id='word_1_211' title='bbox 628 3020 801 3104; x_wconf 86' lang='lat' dir='ltr'>quidquam</span> <span class='ocrx_word' id='word_1_212' title='bbox 819 3021 889 3105; x_wconf 90' lang='lat' dir='ltr'>pati</span> <span class='ocrx_word' id='word_1_213' title='bbox 907 3024 964 3087; x_wconf 90' lang='lat' dir='ltr'>aut</span> <span class='ocrx_word' id='word_1_214' title='bbox 976 3022 1193 3107; x_wconf 89' lang='lat' dir='ltr'>perniciosum</span> 
     </span>
     <span class='ocr_line' id='line_1_31' title="bbox 203 3105 1191 3194; baseline 0.005 -23"><span class='ocrx_word' id='word_1_215' title='bbox 203 3109 463 3194; x_wconf 79' lang='lat' dir='ltr'>oconcupiscere</span> <span class='ocrx_word' id='word_1_216' title='bbox 490 3107 619 3193; x_wconf 82' lang='lat' dir='ltr'>potest?</span> <span class='ocrx_word' id='word_1_217' title='bbox 669 3105 732 3172; x_wconf 83' lang='lat' dir='ltr'>Sed</span> <span class='ocrx_word' id='word_1_218' title='bbox 760 3109 960 3193; x_wconf 87' lang='lat' dir='ltr'>aliquantum</span> <span class='ocrx_word' id='word_1_219' title='bbox 991 3110 1086 3176; x_wconf 87' lang='lat' dir='ltr'>nobis</span> <span class='ocrx_word' id='word_1_220' title='bbox 1113 3115 1191 3176; x_wconf 90' lang='lat' dir='ltr'>tem·</span> 
     </span>
     <span class='ocr_line' id='line_1_32' title="bbox 237 3195 1192 3285; baseline 0.001 -20"><span class='ocrx_word' id='word_1_221' title='bbox 237 3199 326 3284; x_wconf 88' lang='lat' dir='ltr'>poris</span> <span class='ocrx_word' id='word_1_222' title='bbox 352 3201 385 3264; x_wconf 91' lang='lat' dir='ltr'>et</span> <span class='ocrx_word' id='word_1_223' title='bbox 411 3196 523 3282; x_wconf 83' lang='lat' dir='ltr'>magni</span> <span class='ocrx_word' id='word_1_224' title='bbox 549 3195 675 3262; x_wconf 86' lang='lat' dir='ltr'>labores</span> <span class='ocrx_word' id='word_1_225' title='bbox 708 3200 741 3261; x_wconf 88' lang='lat' dir='ltr'>et</span> <span class='ocrx_word' id='word_1_226' title='bbox 766 3198 887 3264; x_wconf 85' lang='lat' dir='ltr'>multae</span> <span class='ocrx_word' id='word_1_227' title='bbox 918 3198 1082 3283; x_wconf 90' lang='lat' dir='ltr'>impensae</span> <span class='ocrx_word' id='word_1_228' title='bbox 1111 3223 1192 3285; x_wconf 86' lang='lat' dir='ltr'>opus</span> 
     </span>
     <span class='ocr_line' id='line_1_33' title="bbox 237 3285 1192 3372; baseline 0.002 -20"><span class='ocrx_word' id='word_1_229' title='bbox 237 3288 383 3372; x_wconf 86' lang='lat' dir='ltr'>fuerunt,</span> <span class='ocrx_word' id='word_1_230' title='bbox 413 3289 463 3370; x_wconf 89' lang='lat' dir='ltr'>ut,</span> <span class='ocrx_word' id='word_1_231' title='bbox 494 3306 576 3369; x_wconf 86' lang='lat' dir='ltr'>quae</span> <span class='ocrx_word' id='word_1_232' title='bbox 607 3285 827 3370; x_wconf 83' lang='lat' dir='ltr'>reipublicae</span> <span class='ocrx_word' id='word_1_233' title='bbox 854 3287 1011 3372; x_wconf 88' lang='lat' dir='ltr'>bonisque</span> <span class='ocrx_word' id='word_1_234' title='bbox 1042 3290 1192 3354; x_wconf 90' lang='lat' dir='ltr'>omnibus</span> 
     </span>
     <span class='ocr_line' id='line_1_34' title="bbox 238 3375 1193 3460; baseline 0.001 -19"><span class='ocrx_word' id='word_1_235' title='bbox 238 3377 469 3460; x_wconf 89' lang='lat' dir='ltr'>polliceremur,</span> <span class='ocrx_word' id='word_1_236' title='bbox 492 3375 579 3439; x_wconf 87' lang='lat' dir='ltr'>exitu</span> <span class='ocrx_word' id='word_1_237' title='bbox 596 3377 834 3458; x_wconf 86' lang='lat' dir='ltr'>praestaremus</span> <span class='ocrx_word' id='word_1_238' title='bbox 851 3397 955 3460; x_wconf 87' lang='lat' dir='ltr'>neque</span> <span class='ocrx_word' id='word_1_239' title='bbox 975 3376 1016 3440; x_wconf 88' lang='lat' dir='ltr'>ad</span> <span class='ocrx_word' id='word_1_240' title='bbox 1039 3378 1193 3442; x_wconf 84' lang='lat' dir='ltr'>auxilium</span> 
     </span>
     <span class='ocr_line' id='line_1_35' title="bbox 237 3462 1192 3546; baseline 0.004 -20"><span class='ocrx_word' id='word_1_241' title='bbox 237 3465 361 3546; x_wconf 79' lang='lat' dir='ltr'>patriae</span> <span class='ocrx_word' id='word_1_242' title='bbox 388 3463 466 3528; x_wconf 91' lang='lat' dir='ltr'>nudi</span> <span class='ocrx_word' id='word_1_243' title='bbox 489 3485 562 3527; x_wconf 89' lang='lat' dir='ltr'>cum</span> <span class='ocrx_word' id='word_1_244' title='bbox 588 3462 675 3526; x_wconf 79' lang='lat' dir='ltr'>bone</span> <span class='ocrx_word' id='word_1_245' title='bbox 702 3462 882 3546; x_wconf 86' lang='lat' dir='ltr'>voluntate,</span> <span class='ocrx_word' id='word_1_246' title='bbox 910 3463 966 3528; x_wconf 92' lang='lat' dir='ltr'>sed</span> <span class='ocrx_word' id='word_1_247' title='bbox 993 3485 1066 3528; x_wconf 88' lang='lat' dir='ltr'>oum</span> <span class='ocrx_word' id='word_1_248' title='bbox 1092 3465 1192 3530; x_wconf 87' lang='lat' dir='ltr'>facul·</span> 
     </span>
     <span class='ocr_line' id='line_1_36' title="bbox 238 3547 1193 3620; baseline 0.006 -6"><span class='ocrx_word' id='word_1_249' title='bbox 238 3551 360 3617; x_wconf 86' lang='lat' dir='ltr'>tatibus</span> <span class='ocrx_word' id='word_1_250' title='bbox 387 3551 617 3616; x_wconf 86' lang='lat' dir='ltr'>accederemus.</span> <span class='ocrx_word' id='word_1_251' title='bbox 662 3547 908 3616; x_wconf 77' lang='lat' dir='ltr'>confirmandus</span> <span class='ocrx_word' id='word_1_252' title='bbox 939 3555 1009 3616; x_wconf 90' lang='lat' dir='ltr'>erat</span> <span class='ocrx_word' id='word_1_253' title='bbox 1035 3555 1193 3620; x_wconf 83' lang='lat' dir='ltr'>exercitus</span> 
     </span>
    </p>
   </div>
   <div class='ocr_carea' id='block_1_10' title="bbox 0 0 1342 3984">
    <p class='ocr_par' dir='ltr' id='par_1_13' title="bbox 0 0 1342 3984">
     <span class='ocr_line' id='line_1_37' title="bbox 0 0 1342 3984; baseline 0 0"><span class='ocrx_word' id='word_1_254' title='bbox 0 0 1342 3984; x_wconf 95' lang='lat' dir='ltr'> </span> 
     </span>
    </p>
   </div>
  </div>
 </body>
</html>
