2644 3988
259 227 325 291 336
540 227 579 282 1
597 227 722 282 TULLII
739 227 932 283 CICERONIS

256 372 385 455 babuit,
415 371 513 436 dilexi
541 394 667 436 summa
697 393 772 436 cum
797 373 919 456 pietate
946 377 980 438 et
1004 372 1078 438 fide.
1127 371 1217 450 Quae

256 483 329 526 mea
351 462 514 525 sententia
536 481 647 561 gerere
669 461 751 525 mibi
772 462 878 544 licuit,
902 463 951 526 ita
971 461 1049 545 feci,
1075 464 1114 526 ut
1136 463 1216 546 opti·

256 571 329 614 mus
356 550 491 633 quisque
522 549 661 614 maxime
691 550 853 634 probarit·
884 549 1012 634 quod
1002 571 1109 615 iussus
1137 573 1218 635 snm,

256 659 296 702 eo
317 642 463 722 tempore
486 641 584 722 atque
605 639 652 702 ita
673 638 751 720 feei,
776 642 815 703 ut
836 642 1008 722 appareret
1033 639 1169 704 inrito
1159 661 1218 703 1m-

256 731 407 811 peratum
428 747 507 790 esse.
543 723 643 790 (laius
665 689 751 790 facti
767 727 980 792 iniustissima
1002 727 1126 792 invidia
1148 749 1217 792 eru·

257 815 325 878 dire
348 837 399 880 me
422 815 538 898 potuit,
560 837 656 898 quam
678 815 819 880 iucunda
840 816 973 880 libertas
991 819 1025 880 et
1043 837 1141 899 quam
1160 817 1218 880 mi·

257 925 330 968 sera
351 903 412 967 snb
434 903 655 968 dominatione
677 905 746 969 rita
767 907 861 968 emet
904 903 1022 987 Ita,s1
1042 903 1076 968 id
1099 905 1218 990 agitur,

256 997 295 1056 ut
315 1013 427 1056 rursus
449 992 486 1056 in
502 995 665 1076 potestate
683 993 795 1057 omnia
810 993 908 1058 unius
927 993 1002 1077 sins,
1023 992 1218 1078 quicumque

256 1081 285 1144 is
307 1085 366 1164 est,
388 1081 418 1144 ei
440 1102 492 1144 me
514 1081 669 1164 profiteor
689 1081 867 1164 inimicum,
887 1102 948 1145 nee
965 1081 1147 1165 periculum
1170 1087 1220 1146 est

255 1170 368 1253 ullum,
390 1169 477 1254 quod
499 1191 560 1252 pro
581 1170 731 1234 libertate
758 1173 817 1234 aut
837 1169 999 1255 refugiam
1026 1173 1084 1234 aut
1106 1169 1219 1254 depre-

220 1270 238 1316 4
257 1279 323 1339 oer;
345 1258 402 1323 sed
424 1259 573 1322 consules
595 1279 700 1342 neque
723 1259 1023 1323 senatusconsulto
1041 1279 1148 1341 neque
1167 1259 1218 1324 lit-

255 1348 334 1410 teris
366 1347 432 1410 suis
463 1350 695 1431 praeceperant
715 1347 811 1430 mihi,
842 1347 920 1431 quid
950 1347 1106 1430 facerem
1133 1369 1219 1412 unas

256 1436 343 1498 enim
374 1438 450 1518 post
480 1433 558 1498 Idus
584 1434 720 1500 Martias
746 1436 877 1500 demum
903 1457 924 1498 a
952 1434 1060 1500 Pansa
1090 1436 1218 1500 litteras

256 1523 379 1607 accepi,
405 1524 441 1586 in
464 1523 580 1606 quibus
601 1523 752 1590 hortatur
773 1547 839 1608 me,
865 1528 904 1588 ut
925 1525 1054 1589 senatui
1076 1524 1218 1590 scribam

255 1617 364 1675 me'et
389 1612 564 1676 exercitum
590 1612 626 1676 in
647 1617 809 1697 potestate
836 1613 905 1678 eius
932 1613 1091 1678 futurum:
1120 1614 1218 1698 qnod,

256 1722 356 1784 quum
386 1700 526 1784 Lepidus
558 1701 805 1767 concionaretur
836 1705 933 1786 atque
960 1701 1111 1766 omnibus
1140 1704 1218 1767 seri-

254 1789 346 1853 beret
372 1810 407 1854 se
435 1790 617 1854 consentire
644 1812 718 1855 cum
740 1791 899 1874 Antonio,
926 1791 1064 1854 maxime
1087 1794 1217 1856 contra-

254 1878 339 1943 rium
360 1877 437 1961 fuit,
459 1900 536 1942 nam
558 1879 675 1962 quibus
699 1879 932 1944 commeatibus
950 1880 1054 1944 inrito
1077 1879 1133 1944 illo
1157 1903 1219 1964 per

133 2007 137 2014 -
214 2043 218 2050 ,
255 1967 342 2031 illius
364 1966 565 2051 provinciam
587 1967 733 2053 legiones
756 1967 928 2032 ducerem?
955 1971 1026 2052 ant,
1053 1968 1081 2032 si
1108 1971 1218 2032 cetera

253 2055 456 2140 transissem,
482 2078 562 2120 num
589 2055 687 2120 etiam
709 2055 811 2140 Alpes
833 2059 981 2140 poteram
1002 2057 1218 2141 transvolare,

254 2164 336 2228 quae
358 2144 520 2228 praesidio
542 2145 629 2208 illius
651 2144 826 2210 tenentur?
849 2145 930 2210 adde
947 2145 1020 2229 huc,
1039 2145 1125 2228 quod
1143 2167 1217 2230 per·

253 2233 332 2298 ferri
357 2234 485 2298 litterae
511 2234 612 2298 nulla
625 2233 814 2298 condicione
835 2236 1026 2318 potuerunt3
1054 2235 1217 2300 sexcentis

214 2322 341 2386 enim
362 2322 442 2386 locis
465 2322 684 2404 excutiuntur,
709 2321 825 2386 deinde
847 2323 945 2385 etiam
967 2322 1149 2386 retinentur
1173 2324 1216 2387 ab

217 2408 376 2493 tLepido
399 2411 568 2474 tabellarii.
606 2371 691 2476 Illud
714 2431 765 2474 me
788 2408 956 2474 Cordubae
978 2431 1038 2494 pro
1057 2411 1216 2476 concione

252 2497 370 2562 dixisse
402 2518 498 2562 nemo
529 2499 698 2563 vocabit
689 2519 725 2562 m
751 2498 898 2582 dubium,
929 2499 1129 2582 provinciam
1161 2521 1216 2565 me

252 2585 343 2667 nulli,
361 2585 425 2648 nisi
443 2585 498 2668 qui
517 2586 558 2650 ab
577 2589 692 2651 senatu
705 2587 823 2651 missus
836 2550 986 2670 redisset,
1003 2587 1215 2654 traditurum:

251 2693 339 2756 nam,
357 2673 396 2738 de
414 2674 542 2759 legione
560 2675 723 2740 tricesima
740 2675 899 2740 tradenda
916 2680 1056 2758 quantus
1079 2681 1215 2742 conten·

251 2761 357 2826 tiones
388 2761 572 2848 habuerim,
603 2763 681 2847 quid
712 2783 774 2849 ego
806 2763 967 2830 scribam?
999 2785 1063 2848 qua
1091 2765 1215 2830 tradita

251 2853 374 2933 quanto
405 2873 464 2934 pro
496 2874 531 2916 re
567 2852 697 2952 publica
731 2851 890 2917 infirmior
924 2851 1054 2918 futurus
1085 2853 1214 2938 fuerim,

251 2938 324 3023 quis
354 2939 507 3040 ignorat?
542 2941 605 3004 hac
636 2941 723 3004 enim
757 2940 885 3026 legione
917 2942 986 3006 noli
1018 2942 1121 3008 acrius
1155 2948 1214 3008 aut

249 3027 431 3111 pugnacius
459 3028 634 3113 quidquam
661 3032 775 3113 putare
803 3051 880 3094 esse
926 3029 1032 3105 Quare
1048 3052 1137 3096 eum
1159 3053 1213 3096 me

251 3116 399 3180 existima
417 3137 487 3180 esse
487 3118 570 3218 ,qui
587 3118 727 3201 primum
740 3118 829 3202 pacis
847 3118 1117 3203 cupidissimus
1091 3141 1153 3184 sim
1167 3157 1210 3166 -

250 3225 363 3269 omnes
377 3205 464 3270 enim
478 3205 563 3271 cives
577 3206 673 3290 plane
688 3206 801 3271 studeo
816 3228 885 3272 esse
900 3207 1063 3272 salvos—
1020 3245 1073 3293 —,
1094 3208 1209 3273 deinde

250 3294 306 3376 qui
329 3297 362 3358 et
384 3315 435 3358 me
458 3297 492 3360 et
513 3315 581 3359 rem
603 3295 766 3378 publicam
789 3295 951 3360 vindicare
974 3297 1010 3360 in
1027 3296 1210 3361 libertatem

214 3388 231 3436 6
250 3386 383 3464 paratus
397 3383 467 3448 sina
495 3381 589 3459 Quod
603 3382 794 3446 familiarem
808 3405 916 3448 meum
929 3387 1060 3449 tuorum
1074 3407 1208 3451 numero

320 3569 371 3638 Ep.
391 3577 433 3638 31,
449 3578 473 3626 o.
509 3589 597 3626 uacum
615 3576 724 3626 tuorum
742 3589 769 3627 n.
789 3573 856 3642 (M.).
893 3591 927 3629 m.
946 3576 978 3630 ιἰι
996 3581 1015 3630 t.
1033 3593 1061 3630 ιι.
1081 3575 1122 3644 Ia,
1140 3576 1173 3631 Β.
