2578 3982
237 199 302 262 640
521 197 559 252 Μ.
579 197 702 252 TULLII
721 195 911 252 CICERONIS
1260 214 1261 284 p

211 343 367 429 squidem
393 347 478 408 certe
505 342 596 406 nihil.
642 339 773 407 Serrani
800 340 976 408 Domestici
1008 342 1069 408 filii
1104 342 1209 409 funus

237 433 476 516 perluctuosum
497 430 562 496 fuit
584 453 612 494 a.
635 430 666 494 d.
688 447 758 495 v111.
784 429 857 495 Kal.
879 429 1063 496 Decembr.:
1093 431 1208 496 lauda-

210 521 284 586 cvit
316 523 408 605 pater
440 520 559 602 scripto
591 540 673 584 meo.
722 516 819 584 Nunc
850 519 889 584 de
920 517 1055 584 Milone.
1110 519 1207 586 Pom·

237 609 328 694 peius
351 609 381 674 ei
399 607 481 672 nihil
498 607 621 691 tribuit,
644 606 753 672 omnia
770 605 888 672 Guttae
907 606 1049 691 dicitque
1071 629 1112 673 se
1136 631 1207 693 per-

237 697 406 780 fecturum,
428 699 466 760 ut
487 696 522 760 in
545 695 636 761 illum
658 691 777 760 Cacsar
798 695 976 760 incumbat:
999 694 1067 761 hoc
1089 696 1209 763 horret

236 784 330 868 Milo,
362 805 422 850 nco
453 783 585 866 iniuria,
618 786 663 867 ot,
695 783 723 847 si
754 783 808 848 illo
840 783 979 850 dictator
1008 783 1128 850 factus
1157 787 1208 870 sit,

236 895 339 958 paene
368 872 494 938 diffidit.
539 871 790 938 Intercessorem
817 871 995 938 dictaturae
1023 872 1054 936 si
1082 873 1208 939 iuverit

237 982 336 1027 manu
368 965 401 1026 et
432 959 591 1045 pracsidio
624 981 697 1044 suo,
722 959 912 1044 Pompeium
943 961 1063 1025 metuit
1097 962 1206 1027 inimi-

237 1071 323 1133 cum3
352 1049 379 1114 si
401 1071 469 1114 non
491 1049 616 1132 iuverit,
637 1049 744 1132 timet,
774 1070 815 1112 ne
838 1048 982 1133 pervim
1004 1049 1206 1133 perferatur.

237 1137 345 1208 Ludos
368 1142 506 1222 apparat
527 1137 876 1222 magnificentissimos,
904 1136 963 1221 sic,
989 1137 1149 1224 inquam,
1172 1144 1208 1204 ut

236 1247 332 1291 nemo
355 1225 620 1310 sumptuosiores:
648 1225 746 1289 stulte
773 1225 823 1290 bis
849 1229 961 1308 terque
988 1246 1061 1290 non
1089 1233 1205 1311 postu-

237 1315 329 1398 latos²
351 1315 402 1379 vel
425 1314 501 1398 quia
518 1335 636 1380 munus
657 1313 864 1399 magnificum
882 1313 1021 1397 dederat,
1045 1315 1103 1380 vel
1130 1318 1206 1401 quia

236 1402 407 1468 facultates
430 1423 498 1467 non
521 1404 626 1486 erant,
653 1402 705 1466 vel
727 1401 803 1486 quia
830 1404 979 1487 potuerat
1002 1403 1206 1489 magistrum

236 1512 280 1571 se,
302 1512 369 1556 non
393 1490 528 1554 aedilem
550 1494 673 1573 putare.
710 1488 827 1554 Omnia
848 1491 916 1556 fere
939 1491 1066 1575 scripsi.
1107 1491 1206 1578 Oura,

236 1579 281 1643 mi
304 1579 466 1644 carissime
489 1577 597 1662 frater,
620 1582 658 1643 ut
679 1579 796 1643 valeas.

686 1806 743 1876 IX.

377 1927 435 1986 Sor.
453 1928 558 1984 Romae
576 1944 671 1984 mense
689 1927 838 1984 Deccmbri
856 1943 881 1983 a.
901 1946 927 1984 u.
946 1945 971 1983 c.
991 1934 1051 1986 loo.

343 2069 510 2127 MARCUS
529 2068 685 2140 QUINTO
703 2069 866 2124 FRATRI
881 2068 1096 2126 SALUTEM.

209 2205 224 2248 ι
303 2177 352 2245 De
375 2177 512 2244 Gabinio
535 2178 618 2244 nihil
639 2178 703 2243 luit
724 2178 908 2244 laciendum
933 2179 1089 2264 istorum,
1118 2203 1208 2289 quae

237 2270 311 2333 ate
339 2267 558 2333 amantissime
586 2266 728 2352 cogitata
755 2268 841 2332 sunt.
893 2262 974 2332 Τότε
1001 2289 1060 2351 μοι
1090 2292 1207 2351 pavor.

235 2355 311 2421 Feci
334 2377 460 2421 summa
482 2377 555 2420 cum
577 2354 751 2440 gravitate,
777 2358 816 2419 ut
838 2376 950 2421 omncs
973 2355 1142 2441 sentiunt,
1172 2365 1207 2424 ct
1266 2419 1267 2430 ,

236 2466 362 2510 summa
389 2465 462 2508 oum
488 2443 635 2527 lenitate,
662 2464 744 2526 quac
771 2443 847 2526 feci3
873 2442 965 2508 illum
991 2464 1100 2527 neque
1133 2449 1206 2512 ursi

236 2553 340 2615 neque
363 2530 479 2596 levavi:
502 2530 594 2595 testis
615 2529 788 2596 vehemens
809 2531 868 2614 fui,
889 2534 1055 2616 praeterea
1080 2534 1206 2617 quievi.

235 2617 370 2685 Exitum
401 2618 510 2688 iudicii
546 2617 677 2684 foedum
713 2623 747 2684 et
780 2619 997 2704 perniciosum
1031 2620 1206 2688 levissime

234 2708 310 2792 tuli5
343 2708 429 2794 quod
457 2708 585 2794 quidem
611 2707 734 2774 bonum
760 2708 840 2772 mihi
866 2728 954 2772 nunc
981 2707 1122 2792 denique
1155 2733 1207 2776 re-

236 2797 373 2881 dundat,
402 2800 439 2862 ut
460 2797 500 2863 iis
523 2796 617 2862 malis
639 2797 687 2860 rei
709 2796 856 2880 publicae
873 2796 1073 2881 ¹licentiaque
1098 2799 1207 2865 auda·

236 2886 330 2969 cium,
353 2906 417 2969 qua
437 2889 513 2949 ante
531 2885 712 2967 rumpebat,
735 2904 823 2950 nuno
838 2881 887 2948 'ne
906 2905 1035 2950 movear
1055 2887 1209 2972 quidem,

236 2973 318 3038 nihil
341 2975 390 3037 est
413 2973 498 3037 enim
521 2971 677 3056 perditius
699 2972 752 3037 his
774 2970 974 3056 hominibus,
995 2971 1048 3037 his
1070 2976 1208 3060 tempo-

306 3180 358 3250 Ep.
377 3185 403 3246 8,
418 3186 441 3235 6.
478 3181 590 3248 tribuit,
612 3181 705 3236 omnia
727 3181 802 3249 (Wh.
839 3185 873 3236 tr.
893 3185 918 3236 ct
935 3197 960 3236 o.
982 3179 1081 3249 Mal„
1101 3184 1207 3255 vulgo.

236 3281 269 3292 -—
288 3251 416 3305 inillam
436 3249 465 3305 0.
485 3250 547 3320 (Ia).
590 3250 645 3322 [ia]
664 3252 713 3306 illo
732 3251 761 3306 0.
780 3251 854 3318 Em..
873 3250 904 3306 B.
923 3281 957 3291 —
974 3252 1131 3320 postulatos
1147 3259 1208 3326 (c).

231 3322 395 3405 postulatus·
407 3321 507 3390 Mar,
526 3321 557 3377 B.
580 3351 616 3362 -
639 3327 726 3388 eruat,
743 3323 785 3377 cel
802 3323 869 3391 puio
882 3325 940 3390 pot.
961 3321 1055 3405 (8011.)Ι
1080 3340 1128 3406 σε..
1149 3325 1210 3396 [cel

235 3392 877 3587 &lacusellllffitllxlfc
892 3399 975 3518 aa
993 3393 1209 3534 liliati

281 3576 300 3601 .‚
319 3552 356 3589 vu
369 3551 414 3604 go.
