2556 3986
341 251 603 308 nersromauu
619 251 775 336 uua-4.
971 249 1037 314 505

78 419 265 482 possumus,
293 417 331 461 aa
357 396 604 462 mansuetudine
632 399 666 460 ei
687 396 888 461 continentia
915 399 1037 482 nostra,

79 487 242 552 sociorum
259 485 414 550 fidelitate
432 489 588 550 tueamur.
625 483 675 550 Tu
688 485 794 570 velim,
811 489 849 550 ul
867 484 1037 570 consuesti,

78 596 142 640 nos
166 574 457 662 absentesdiligus
480 577 513 638 al
535 573 698 639 defendas.

528 767 586 834 IV.
633 788 636 798 ²

81 879 140 934 Sur.
160 877 190 934 in
209 877 310 934 Cilicia
326 895 422 934 mense
440 879 504 935 Dec.
525 881 600 950 (post
619 879 679 934 xu.
693 877 756 932 Kal.
769 879 838 948 Ian.)
857 895 882 934 a.
896 898 923 935 u.
938 895 961 934 c.
977 883 1037 934 703.
1067 863 1070 868 ¹

258 1004 296 1058 Μ.
314 1001 443 1060 alanno
462 1003 535 1058 IMP.
554 1003 582 1058 S.
600 1003 634 1057 D.
652 1002 689 1058 M.
709 1001 852 1058 CATONI.

149 1101 282 1169 Summa
318 1107 376 1168 lua
407 1103 583 1167 auctoritas
614 1102 692 1166 fecit
723 1123 893 1186 meumque
927 1122 1072 1188 perpe-1

80 1197 176 1256 inum
204 1193 244 1256 de
269 1195 328 1256 tua
350 1191 508 1278 singulari
530 1191 649 1256 viriuie
671 1191 837 1275 iudicium,
864 1195 902 1255 ul
927 1193 1038 1277 magni

80 1301 155 1346 mea
177 1281 333 1345 interesse
356 1283 504 1364 putarem
527 1283 560 1344 el
581 1301 632 1344 res
656 1300 727 1366 eas,
754 1300 834 1363 quas
858 1280 1039 1364 gessissem,

79 1369 144 1433 libi
166 1372 261 1434 nolas
284 1389 353 1433 esse
377 1371 500 1432 elnon
521 1368 666 1454 ignorari
689 1389 709 1432 a
730 1371 772 1452 te,
795 1389 859 1452 qua
878 1369 1039 1452 aequitate

81 1461 117 1521 el
139 1457 340 1522 continentia
361 1460 469 1522 tuerer
492 1458 596 1523 socios
619 1457 881 1540 provinciamque
904 1456 1038 1521 admini-

81 1549 215 1629 slarom3
237 1543 277 1610 iis
295 1546 381 1610 enim
401 1567 420 1610 a
438 1549 470 1609 le
485 1545 626 1631 cognitis
642 1546 823 1610 arbitrabar
839 1545 967 1610 facilius
987 1567 1038 1609 me

82 1635 156 1717 libi,
183 1655 264 1719 quae
290 1635 419 1718 vellem,
446 1633 665 1719 probaturum.
695 1633 821 1710 *uuum
847 1634 884 1698 iu
910 1634 1074 1718 provin-a

82 1723 167 1787 ciam
188 1744 237 1804 pr.
255 1722 295 1786 K.
314 1719 400 1786 Sexi.
422 1723 581 1786 venissem
603 1726 636 1786 el
657 1725 789 1806 propier
812 1723 890 1786 anni
911 1727 1039 1806 lempus

82 1810 125 1874 ad
149 1810 323 1874 exaudium
345 1809 425 1872 mihi
448 1809 618 1874 confestim
637 1830 707 1873 esse
725 1808 866 1874 eundum
888 1811 1039 1894 riderem,

82 1896 218 1960 biduum
236 1895 414 1960 Laodiceae
432 1897 490 1982 fui,
510 1897 623 1960 deinde
643 1896 806 1980 Apameae
825 1897 1040 1983 quadriduum,

83 1985 229 2049 iriduum
252 1982 427 2069 Synnadis,
452 1984 588 2048 tolidem
611 1983 678 2048 dies
700 1983 895 2050 Philomelii:
924 1985 1040 2068 quibus

82 2075 120 2138 in
143 2073 270 2158 oppidis
293 2093 393 2156 quum
414 2073 525 2157 magni
548 2075 725 2136 convenius
748 2073 899 2156 fuissent,
921 2075 1040 2139 mullas

84 2162 231 2226 civitates
254 2160 467 2248 acerbissimis
493 2161 624 2225 tribulis
651 2165 684 2224 ei
711 2160 908 2245 gravissimis
934 2163 1040 2227 usuris

84 2253 119 2314 et
146 2249 232 2314 falso
260 2271 333 2314 aare
365 2249 469 2314 alieno
501 2249 643 2314 liberavi.
688 2246 856 2332 Quumque
884 2253 959 2314 anie
987 2250 1040 2314 ad-
1072 2261 1076 2268 '

84 2341 218 2402 reulum
254 2357 361 2402 meum
398 2337 554 2403 seditione
588 2336 727 2421 quadam
763 2337 921 2404 exercitus
957 2342 1042 2403 essel

84 2426 272 2511 dissipatus,
300 2426 441 2510 quinquo
468 2427 616 2491 cohortes
644 2426 713 2490 sine
739 2427 861 2511 legato,
889 2427 958 2492 sine
985 2427 1041 2492 iri·

83 2514 173 2579 buno
200 2515 353 2597 millium,
380 2514 517 2598 denique
545 2515 643 2578 eliam
671 2515 740 2579 sine
764 2515 950 2580 centurione
973 2517 1040 2580 ullo

85 2602 172 2686 apud
198 2601 424 2670 Philomelium
452 2603 686 2687 consedissent,
714 2604 856 2688 reliquus
884 2604 1041 2668 exercilus

86 2693 174 2754 assei
199 2691 234 2754 in
260 2690 437 2775 Lycaonia,
464 2691 508 2755 M.
530 2691 662 2756 Anneio
682 2693 790 2776 legato
813 2692 982 2776 imperavi,
1004 2696 1042 2756 ul

86 2799 141 2842 aas
165 2779 304 2862 quinque
337 2777 485 2844 eohorlss
517 2779 557 2843 ad
588 2780 747 2864 reliquum
779 2780 952 2844 exercitum
984 2780 1040 2845 du·

86 2870 173 2930 cerel
195 2871 368 2951 coacloque
395 2868 431 2932 in
452 2887 554 2932 unum
581 2869 688 2933 locum
711 2867 850 2932 exercitu
878 2873 984 2932 castra
1005 2868 1041 2932 in

86 2952 249 3039 Lycaonia
276 2955 362 3040 apud
388 2954 535 3020 Iconium
566 2955 695 3020 fecaral.
749 2955 842 3032 Quod
870 2977 968 3040 quum
998 2956 1076 3022 aba

85 3044 142 3108 illo
166 3043 337 3128 diligenter
360 3047 444 3108 essai
466 3047 586 3127 aulum,
610 3063 670 3128 ego
692 3044 729 3108 in
751 3048 858 3108 eastra
880 3065 907 3108 a.
931 3044 960 3108 d.
983 3061 1040 3108 vn.

85 3131 125 3196 Κ.
145 3129 231 3216 Sept.
254 3132 337 3215 veni,
360 3153 459 3216 quum
481 3133 605 3196 interea
628 3133 845 3216 superioribus
868 3131 979 3196 diebus
1003 3153 1041 3194 ex

87 3223 218 3285 senalus
240 3219 388 3284 consulto
416 3223 450 3284 ef
471 3224 676 3286 evocatorum
702 3221 827 3284 {innam
854 3223 1043 3284 manumet

154 3375 207 3446 Ep.
222 3381 247 3444 3,
259 3381 284 3430 a.
312 3381 438 3432 tuomum
456 3377 584 3446 (Nouius,
602 3376 680 3432 cuiue
699 3376 760 3430 cdd
779 3375 883 3446 partim
897 3380 1042 3430 tumamur

85 3446 189 3518 parlim
208 3451 365 3516 manua).
402 3453 520 3502 muamus
538 3447 574 3504 Μ.
616 3453 752 3502 amamus
770 3446 863 3516 vulgo.
904 3445 955 3516 Ep.
976 3453 1000 3513 4,
1015 3451 1040 3500 a.

86 3517 117 3571 iu
138 3531 225 3571 uuam
243 3517 332 3572 locum
357 3517 413 3586 (n,
432 3517 537 3590 vulgo).
582 3519 615 3572 iu
631 3532 717 3572 uuum
742 3515 824 3585 Non,
842 3515 874 3572 B.
920 3523 944 3570 3.
977 3521 1042 3570 mal

84 3587 189 3656 fudam
208 3587 261 3655 (cd.
279 3586 368 3658 Eril?
