2644 3988
243 202 308 270 362
524 202 563 260 II.
581 203 705 259 TULLII
722 201 914 260 CICERONIS
1015 208 1017 212 ’

665 452 771 519 xvll.

349 565 408 622 Sor.
429 565 527 621 eodem
544 565 680 636 tempore,
699 581 755 636 quo
773 581 817 636 ep.
839 572 880 636 lb,
900 581 925 621 a.
945 585 971 622 u.
991 583 1014 622 o.
1034 573 1095 623 ⁷10.

480 689 517 743 Μ.
537 687 666 744 CICERO
685 687 718 742 D.
738 688 861 744 BRUTO
881 689 908 746 S.
927 689 961 744 D.

208 806 222 855 1
308 788 422 856 Lamia
444 810 511 855 uno
535 789 679 854 omnium
698 788 947 854 familiarissime
969 793 1058 875 utor;
1080 811 1203 877 magna

241 879 309 945 eius
326 879 363 943 in
380 899 441 963 me,
462 898 531 942 non
548 875 620 942 dieo
639 875 755 962 officia,
777 877 834 942 sed
852 879 977 962 merita,
999 900 1101 963 eaque
1125 885 1204 946 sunt

240 968 361 1052 populo
375 966 524 1032 Romano
541 965 723 1030 notissima:
744 965 773 1030 is
790 966 1113 1052 magnificentissimo
1132 989 1202 1034 mu-

240 1077 317 1121 nere
341 1055 514 1120 aedilitatis
536 1053 725 1138 periunotus
748 1054 831 1138 petit
852 1058 1051 1141 praeturam,
1073 1077 1202 1122 omnes-
1293 1077 1294 1082 ¹

242 1166 302 1229 que
329 1143 518 1229 intelligunt
543 1163 604 1206 neo
631 1140 823 1227 dignitatem
850 1143 880 1208 ei
903 1143 1012 1208 deesse
1039 1165 1101 1208 neo
1128 1167 1202 1230 gra-

240 1233 334 1316 tiam;
355 1232 412 1298 sed
434 1232 462 1296 is
485 1230 625 1296 ambitus
643 1230 776 1295 excitari
793 1231 929 1316 videtur,
950 1235 988 1296 ut
1010 1252 1071 1319 ego
1091 1234 1203 1298 omnia

240 1321 464 1405 pertimescam
477 1322 643 1404 totamque
657 1319 847 1403 petitionem
860 1318 991 1385 Lamiae
1005 1321 1085 1386 mihi
1104 1323 1202 1387 susti-

204 1423 222 1470 a
240 1408 381 1474 nendum
403 1410 523 1493 putem.
558 1407 600 1472 In
622 1428 660 1472 ea
681 1428 716 1471 re
739 1411 897 1492 quantum
915 1429 966 1472 me
987 1409 1092 1493 possis
1111 1409 1202 1475 adiu·

240 1518 325 1581 vare,
346 1495 441 1562 facile
459 1494 627 1580 perspicio,
647 1516 708 1560 nea
726 1517 811 1580 vero,
834 1499 992 1580 quantum
1010 1518 1083 1562 mea
1102 1517 1203 1565 causa

239 1585 329 1670 velis,
351 1585 472 1650 dubito.
517 1583 625 1650 Velim
647 1584 760 1669 igitur,
781 1584 826 1649 mi
848 1583 964 1669 Brute,
985 1585 1046 1650 tibi
1068 1607 1202 1670 persua-

241 1674 316 1738 deas
339 1673 422 1738 nihil
444 1694 495 1738 me
522 1672 643 1737 maiore
672 1672 778 1738 studio
805 1694 826 1736 a
846 1675 880 1738 te
906 1678 1029 1758 petere,
1055 1673 1140 1740 nihil
1169 1677 1202 1740 te

239 1761 320 1827 mihi
350 1759 475 1847 gratim
506 1761 611 1826 faeere
634 1781 743 1845 posse,
774 1762 927 1843 quamsi
954 1761 1103 1827 omnibus
1131 1763 1199 1828 tuis

225 1850 369 1936 opibus,
397 1849 485 1916 omni
513 1849 619 1915 studio
648 1848 794 1914 Lamiam
820 1849 856 1914 in
882 1850 1038 1935 petitione
1065 1850 1202 1936 iuveris3

239 1937 327 2024 quod
348 1942 386 2005 ut
407 1938 518 2023 facias,
539 1936 746 2003 vehementer
767 1940 800 2002 te
823 1957 914 2024 rogo.

654 2129 776 2197 XVHI.

387 2243 444 2300 Ser.
464 2245 569 2302 Romae
587 2243 674 2298 IIIIII.
693 2242 755 2297 Kal.
774 2243 834 2297 Iun.
853 2257 878 2298 a
897 2261 924 2298 u.
943 2259 966 2297 o.
987 2249 1046 2298 ⁷11.

315 2367 354 2424 M.
373 2366 502 2423 CICERO
522 2367 549 2422 S.
567 2366 602 2423 D.
619 2365 653 2421 D.
672 2365 794 2458 BRUTO
813 2366 887 2422 IMP.
907 2365 980 2422 COS.
999 2363 1115 2422 DESIO.

204 2483 219 2531 ι
304 2466 379 2532 Etsi
401 2488 440 2531 ex
461 2465 632 2548 mandatis,
654 2487 737 2550 quae
755 2463 877 2531 Galbae
897 2465 1137 2550 Volumnioque
1157 2465 1200 2530 ad

239 2557 388 2621 senatum
411 2553 536 2638 dedisti,
559 2553 635 2637 quid
652 2552 832 2619 timendum
849 2556 991 2638 putares,
1012 2553 1200 2638 auspioaba·
1297 2553 1298 2584 ³

190 2658 193 2663 ·
239 2665 320 2727 mur,
332 2645 442 2708 tamen
455 2642 619 2708 timidiora
633 2640 788 2706 mandata
800 2641 1002 2726 videbantur,
1015 2663 1113 2726 quam
1127 2644 1201 2706 erat

239 2732 374 2817 dignum
400 2734 457 2797 tua
487 2730 662 2815 populique
689 2729 829 2794 Romani
860 2730 1003 2795 victoria
1057 2727 1200 2796 Senatus

238 2821 360 2904 autem,
382 2819 429 2885 mi
449 2817 564 2903 Brute,
585 2818 680 2885 fortis
703 2820 754 2883 est
780 2820 813 2882 et
834 2817 934 2882 habet
953 2818 1055 2884 fortes
1085 2817 1198 2883 duoes:

238 2908 348 2991 itaque
369 2908 505 2973 moleste
526 2905 653 2971 ferebat
675 2927 708 2970 ae
732 2927 752 2970 a
770 2908 813 2989 te,
836 2927 931 2988 quem
951 2907 1104 2990 omnium,
1128 2905 1198 2990 qui·

239 2995 540 3081 eumquefuisaent,
561 2994 775 3061 fortissimum
792 2992 958 3078 iudicaret,
979 2993 1128 3059 timidum
1149 2997 1199 3057 at·

203 3097 300 3169 aque
330 3085 486 3170 ignavum
516 3083 660 3149 iudicari.
703 3080 848 3166 Etonim,
876 3103 975 3167 quum
1006 3085 1039 3147 te
1069 3081 1198 3148 inoluao

238 3193 330 3257 spem
360 3171 534 3238 maximam
565 3191 678 3237 omnes
709 3169 902 3235 habuissent
930 3169 967 3234 in
997 3173 1055 3236 tua
1076 3169 1197 3235 virtute

237 3261 373 3327 florente
395 3259 555 3345 Antonio,
578 3259 650 3343 quis
673 3261 755 3342 erat,
783 3257 839 3343 qui
866 3256 1041 3343 quidquam
1067 3258 1198 3324 timeret

308 3467 360 3589 Elp.
377 3474 418 3535 17,
433 3473 457 3522 2.
485 3471 619 3536 quantum
632 3469 664 3520 tu
676 3480 718 3520 me
732 3464 837 3534 (ΕΜ
851 3494 885 3506 -
904 3470 930 3520 te
943 3481 1008 3536 rope
1022 3465 1196 3538 (M.,vulgo).

238 3540 266 3591 to
283 3553 307 3590 r.
349 3579 355 3591 .
375 3553 427 3592 err.
445 3539 506 3607 typ.
