2658 3986
231 235 299 298 214
515 233 553 287 PL
573 232 697 287 TULLII
715 231 907 288 CICERONIS

230 379 331 444 habet
351 378 464 462 lotum,
486 399 507 442 a
528 399 593 462 quo
615 378 715 441 etiam
736 379 879 442 advenae
901 379 1006 443 teneri
1024 379 1132 444 solent
1145 415 1187 424 —-

195 483 212 532 2
230 489 327 553 quem
343 470 455 532 tamen
468 466 497 532 si
509 466 673 548 excideris,
686 467 825 531 multum
837 468 1039 551 prospexeris
1053 491 1110 550 -3
1132 467 1188 531 sed

230 558 266 621 in
288 556 400 640 primis
423 559 642 640 opportunum
664 554 800 640 videtur,
821 555 874 620 bis
896 557 1087 639 praesertim
1107 559 1187 620 tem·

230 646 378 728 poribus,
408 643 528 708 babere
554 642 740 728 perfugium
765 645 906 727 primum
927 667 1040 710 eornm
1065 645 1189 728 urbem,

230 735 347 820 quibus
361 753 455 797 carus
469 732 522 815 sis,
539 731 654 796 deinde
671 735 763 796 tumn
782 732 915 797 domum
931 737 1069 818 tuosque
1083 754 1189 819 agros,

231 844 332 906 enque
359 824 499 904 remoto,
524 820 660 902 salubri,
686 841 823 886 amoeno
850 823 936 904 loco;
965 822 1062 906 idque
1089 823 1189 886 etiarn

230 932 304 976 mea
334 910 503 992 interesse,
534 909 580 972 mi
607 908 752 993 Trebati,
781 910 929 975 arbitror.
981 909 1044 975 Sed
1065 911 1189 975 valebis

230 1020 365 1083 meaque
387 959 521 1083 negotis
543 997 667 1062 videbis
689 1019 804 1082 meque
827 998 876 1062 dis
898 1000 1085 1064 iuvantibus
1112 1004 1189 1064 ante

195 1089 380 1154 ebrumam
411 1086 620 1172 exspectabis.
664 1084 739 1172 Ego
765 1109 786 1151 a
813 1085 884 1152 Sex,
909 1086 1026 1171 Fadio,
1051 1086 1189 1153 Niconis

218 1177 332 1261 discip
334 1178 398 1260 ulo,
419 1177 540 1241 librum
557 1175 677 1240 abstuli
695 1173 852 1246 Νίκωνος
866 1174 944 1253 περὶ
958 1139 1189 1256 xot'vpcyc'aez

231 1287 251 1330 o
274 1265 432 1330 medicum
453 1286 585 1329 suavem
610 1285 725 1347 meque
751 1263 888 1328 docilem
915 1263 957 1326 ad
983 1263 1068 1328 banc
1094 1262 1189 1327 disci·

144 1417 148 1422 .
230 1355 366 1438 plinam!
390 1353 446 1418 sed
462 1352 584 1417 Bassus
603 1356 715 1417 noster
736 1373 788 1416 me
810 1352 850 1416 de
872 1351 935 1416 boo
956 1352 1040 1418 libro
1059 1353 1189 1435 celarit3

229 1446 263 1506 te
285 1441 415 1526 quidem
435 1463 505 1506 non
527 1441 662 1505 videtur.
696 1439 824 1506 Ventus
841 1440 1056 1506 increbrescit
1091 1439 1188 1525 Oura,

229 1533 268 1596 ut
289 1530 406 1595 valeas.
451 1544 528 1590 xm.
550 1529 623 1594 Καὶ
646 1527 756 1596 Sextii.
778 1528 882 1596 Velia.

661 1725 751 1790 XXL

272 1837 330 1893 Sor.
349 1837 379 1891 in
398 1836 558 1892 Tusculano
576 1853 671 1892 mense
688 1837 764 1892 Maio
783 1837 975 1892 antinoios
992 1855 1020 1891 n
1039 1853 1062 1892 c.
1082 1843 1142 1892 710.

493 1959 621 2016 CICERO
640 1961 824 2016 TREBATIO
844 1961 919 2016 SAL.

295 2060 366 2128 Silii
389 2083 519 2127 causam
540 2066 574 2127 te
597 2063 703 2128 docui:
732 2063 760 2127 is
781 2065 896 2145 postea
921 2061 985 2125 fuit
1011 2060 1097 2144 apud
1124 2081 1184 2124 me.

228 2151 335 2228 Quum
357 2151 387 2215 ei
408 2152 547 2217 dicerem
568 2151 629 2215 tibi
655 2151 756 2215 videri
778 2151 986 2234 sponsionem
1011 2149 1101 2212 illam
1122 2170 1185 2214 nos

229 2241 298 2306 sine
320 2241 462 2324 periculo
484 2241 590 2304 facere
608 2261 712 2322 posse,
741 2251 773 2300 sl
795 2252 965 2300 Bononun
988 2237 1183 2301 'Pvnrlnlnn

227 2341 489 2392 rossnssronnn
510 2326 547 2401 Q.
569 2324 702 2390 cinero
724 2341 887 2390 PRAETOR
909 2341 956 2387 nx
971 2341 1101 2389 corono
1117 2340 1183 2390 svo

227 2429 309 2476 sssffl
331 2426 452 2482 namn,
474 2434 595 2499 negare
622 2412 730 2476 aiebat
756 2410 902 2477 Servium
930 2413 1058 2478 tabulas
1085 2416 1183 2476 testa·

227 2502 329 2566 menti
351 2521 421 2566 esse
444 2522 512 2584 eas,
539 2523 620 2585 quas
642 2501 837 2566 instituisset
857 2502 899 2584 is,
926 2503 982 2584 qui
1008 2501 1183 2566 factionem

200 2635 202 2638 ψ
226 2589 413 2654 testamenti
429 2609 503 2654 non
524 2590 687 2672 babuerit3
710 2589 772 2655 hoc
794 2589 880 2654 idem
898 2587 1043 2654 Offilium
1065 2589 1183 2672 dicere3

226 2681 334 2744 tecum
357 2699 390 2742 sc
409 2679 556 2746 ,locutum
574 2677 717 2763 negabat
738 2699 852 2762 meque
874 2679 1011 2762 rogavit,
1032 2681 1070 2743 nt
1092 2699 1127 2742 se
1150 2681 1183 2741 et

227 2787 357 2832 causam
381 2788 472 2833 suam
498 2767 560 2832 tibi
588 2767 853 2832 commendarem.
897 2765 968 2830 Nec
989 2768 1038 2830 vir
1061 2767 1183 2849 melior,

226 2855 272 2920 mi
295 2855 405 2938 Teste,
431 2877 491 2920 nec
514 2857 593 2921 mihi
616 2855 749 2921 amicior
770 2854 806 2920 P.
829 2853 908 2920 Silio
931 2856 1182 2940 quisquamst,

225 2948 259 3008 te
281 2947 391 3008 tamen
413 2949 558 3028 excepto:
587 2945 807 3030 gratissimum
829 2943 909 3008 mihi
937 2945 1037 3028 igitur
1058 2943 1182 3026 feceris,
1259 2958 1265 2980 ³
1305 3019 1310 3029 ,

227 3033 254 3098 si
277 3032 318 3097 ad
341 3053 414 3097 eum
441 3033 527 3097 ultro
553 3033 680 3098 veneris
707 3033 799 3116 eique
826 3032 989 3116 pollicitus
1017 3032 1093 3114 eris,
1115 3031 1181 3114 sed,

226 3122 255 3186 si
286 3143 337 3186 me
369 3141 471 3203 amm,
503 3142 600 3204 quam
631 3121 782 3204 primurn:
818 3120 881 3187 hoc
911 3125 945 3188 te
976 3119 1181 3186 vehementer

225 3209 324 3276 ctiam
347 3213 442 3293 atque
466 3209 564 3273 etiam
585 3230 674 3294 rogo.

295 3435 346 3506 Ep.
365 3441 408 3490 21.
447 3435 558 3505 Ofilium
577 3435 649 3504 (edd.
668 3437 768 3505 vett.)?
