2636 3986
263 206 330 271 464
546 207 582 261 Μ.
602 206 726 262 TULLII
744 205 935 264 CICERONIS

228 349 408 416 aAnncius
430 350 471 414 cd
493 371 545 415 me
566 350 676 414 redeat
661 353 833 434 toportet.
878 350 976 434 Illud,
1004 351 1091 453 quod
1112 354 1225 416 tecum

263 443 296 504 et
263 460 430 503 ecoram
457 442 490 502 et
515 459 574 522 per
603 439 727 504 litteras
759 439 1003 524 diligentissime
1031 439 1097 524 egi,
1127 439 1162 502 id
1191 444 1225 503 et

261 549 349 592 nunc
379 527 477 591 etism
509 530 605 611 atque
638 527 735 592 etiam
762 547 854 612 rogo,
887 548 981 591 curae
1008 527 1070 592 tibi
1097 526 1155 609 sit,
1187 531 1226 590 ut

263 638 356 680 suum
382 615 563 700 negotium,
586 614 673 699 quod
693 615 792 679 habet
814 637 888 680 cum
909 615 1030 699 populo
1053 611 1224 697 Sardiano,

262 725 320 788 pro
344 725 458 768 causae
480 703 678 767 veritatet
646 706 678 767 et
706 723 765 787 pro
793 725 852 768 sua
878 702 1035 787 dignitate
1062 703 1224 767 conficiat

263 791 411 858 Intellexi
438 812 478 856 ex
503 795 560 856 tua
587 791 745 874 oratione,
773 813 873 876 quum
897 795 1006 856 teomn
1027 789 1154 876 Ephesi
1175 792 1224 854 lo-

262 884 355 944 cutus
379 901 459 964 sum,
481 883 514 944 te
535 879 636 963 ipsius
658 877 702 944 M
725 878 846 944 Anneii
872 901 969 944 causa
991 879 1101 944 omnia
1123 879 1224 963 velle,

264 968 319 1032 sed
345 971 455 1032 tamen
482 967 528 1034 sic
554 968 650 1032 velim
677 967 853 1050 existimes,
880 970 914 1032 te
941 967 1022 1031 mihi
1042 967 1125 1032 nihil
1149 988 1224 1052 gra

262 1056 327 1122 tius
349 1057 453 1121 facere
475 1077 570 1140 posse
598 1077 695 1141 quam
722 1056 750 1120 si
771 1056 960 1120 intellexero
986 1076 1045 1139 per
1071 1058 1105 1120 te
1127 1055 1225 1120 illum

264 1166 357 1209 suum
379 1145 547 1230 negotium
565 1165 605 1208 cx
622 1144 783 1209 sententia
801 1143 984 1226 confecisse,
1006 1143 1102 1228 idque
1121 1166 1225 1228 quam

262 1233 403 1318 primum
425 1236 462 1298 ut
484 1232 603 1298 efficias
625 1235 658 1296 te
680 1232 778 1296 etiam
801 1234 897 1317 atque
920 1231 1018 1297 etiam
1039 1251 1130 1316 rogo.

677 1425 799 1492 XVIII.

371 1535 427 1591 Sor.
447 1535 477 1590 in
494 1535 640 1606 provincia
655 1555 750 1592 mense
763 1537 916 1592 Februario
930 1553 956 1592 a.
970 1555 998 1592 n.
1012 1555 1035 1592 o.
1051 1543 1112 1593 ¹104.

265 1642 277 1660 “
316 1659 354 1716 n.
373 1658 502 1715 oroneo
521 1658 550 1715 o.
569 1658 669 1715 nmo
688 1659 717 1714 n.
737 1661 767 1715 u.
791 1658 888 1715 auro
912 1659 967 1714 en.
986 1661 1069 1715 uas.
1088 1661 1170 1717 sm.

330 1759 364 1826 L.
394 1758 557 1826 Custidius
584 1763 635 1824 est
659 1760 786 1824 tribulis
813 1763 847 1824 et
874 1759 1040 1843 municeps
1067 1763 1101 1824 et
1126 1762 1225 1828 fami·

263 1849 352 1914 liaris
375 1870 480 1914 meus:
509 1849 537 1912 is
560 1870 690 1913 causam
716 1848 827 1931 habet,
850 1869 947 1931 quam
969 1870 1100 1916 causam
1124 1851 1169 1914 ad
1191 1856 1225 1916 te

264 1939 392 2002 deferet.
438 1935 635 2002 Commendo
663 1935 723 2000 tibi
749 1935 928 2020 hominem,
956 1937 1040 2001 sicut
1061 1941 1119 2002 tua
1141 1939 1225 2005 fides

264 2029 297 2090 et
322 2047 412 2090 meus
438 2024 542 2109 pudor
567 2025 722 2108 postulat,
752 2026 894 2106 tantum,
924 2027 963 2088 ut
984 2025 1094 2089 faciles
1124 2027 1169 2090 ad
1192 2032 1225 2092 te

265 2114 370 2179 aditus
392 2113 519 2196 habeat,
543 2133 624 2196 quse
647 2133 750 2197 aequa
770 2112 961 2197 postulabit,
984 2115 1021 2176 ut
1042 2113 1168 2178 libente
1191 2119 1225 2178 te

263 2202 414 2286 impetret
445 2200 625 2285 sentiatque
656 2222 762 2264 meam
798 2200 860 2265 sibi
896 2199 1084 2284 amicitiam,
1121 2203 1225 2267 etiam

264 2312 363 2375 quum
375 2289 562 2375 longissime
581 2289 694 2371 absim,
712 2289 872 2373 prodesse,
889 2289 925 2353 in
942 2288 1055 2373 primis
1075 2290 1163 2374 apud
1182 2295 1224 2356 te.

698 2497 781 2564 LIX.

300 2607 357 2664 Ser.
380 2608 535 2665 Laodiceae
556 2626 651 2664 mense
673 2609 826 2736 Febmaqrdi
850 2610 958 2678 (eodem
982 2610 1040 2678 die,
1063 2626 1120 2680 quo
1139 2615 1187 2681 58)

639 2697 664 2736 a.
683 2699 710 2734 u.
729 2699 752 2734 e.
826 2723 832 2734 .

327 2805 365 2858 M.
385 2803 514 2859 CICERO
533 2803 562 2858 0.
581 2802 716 2859 CURTIO
735 2801 980 2859 PEDUOAEANO
999 2804 1055 2861 Pa.
1075 2804 1152 2860 SAL.

328 2901 372 2967 M.
394 2902 531 2968 Fadium
549 2903 642 2968 unice
661 2903 760 2988 diligo
781 2924 968 2987 summaque
986 2904 1070 2970 mihi
1088 2926 1163 2970 cum
1183 2927 1222 2970 eo

263 2991 459 3056 consuetudo
491 2995 524 3056 et
554 2991 755 3057 familiaritas
787 2995 839 3057 est
867 2995 1024 3076 pervetus.
1078 2991 1119 3057 ln
1151 2993 1222 3057 cius

263 3078 488 3144 controversiis
511 3079 587 3164 quid
610 3080 775 3163 decernas,
803 3083 877 3145 ate
899 3100 966 3144 non
987 3083 1064 3164 peto
1088 3117 1130 3127 —
1155 3102 1223 3145 ser-

262 3167 367 3251 vabis,
390 3169 427 3231 ut
446 3171 505 3232 tua
526 3167 604 3232 fides
628 3173 660 3233 et
682 3169 822 3253 dignitas
845 3167 1001 3251 postulat,
1024 3169 1165 3233 edictum
1189 3174 1224 3234 et

263 3255 447 3320 institutum
469 3260 561 3321 tuum
584 3291 637 3341 -,
659 3257 728 3339 sed,
750 3260 787 3320 ut
810 3278 907 3341 quam
929 3255 1100 3322 facillimos
1123 3257 1165 3322 ad
1187 3261 1222 3322 te

332 3462 485 3534 Epwtlt
522 3463 840 3532 epi,idetouac(ll.).
876 3464 1223 3532 epimonem(

262 3531 407 3602 teL.)-
426 3533 677 3601 slzwmsacmmp
697 3531 772 3600 (W)
809 3534 1049 3603 ipsumam
1068 3535 1163 3604 vulgo.
