2658 3986
231 167 296 233 206
512 169 551 224 M.
571 168 694 224 TULLII
713 167 903 224 CICERONIS

231 334 292 399 ego
315 333 384 378 non
406 313 509 399 rideo,
532 314 678 399 quamvis
699 317 737 379 tu
759 314 880 398 rideas3
903 313 958 378 sed
981 313 1020 378 de
1042 335 1076 378 re
1100 336 1188 378 sera

229 401 357 467 riasima
378 406 499 487 tecum,
525 405 563 468 ut
590 404 691 488 soleo,
717 403 815 468 iocor.
863 402 1001 468 Remoto
1028 403 1099 467 ioco
1126 402 1188 467 tibi

229 490 292 556 hoc
315 491 509 557 amicissimo
543 492 650 557 animo
673 491 851 576 praecipio,
882 494 934 576 ut,
963 492 990 556 si
1016 491 1089 556 istic
1115 514 1188 556 mea

231 580 509 646 commendatione
532 583 622 645 tuam
642 579 834 666 dignitatem
852 580 1024 665 obtinebis,
1044 579 1187 664 perferas

230 669 335 735 nostri
366 668 572 754 desiderium,
607 668 813 734 honestatem
844 672 877 734 et
907 669 1079 734 facultates
1113 672 1186 734 tuas

231 779 361 843 augeas,
383 757 435 822 sin
453 760 562 823 autem
580 758 644 822 iata
661 756 836 842 frigebant,
854 757 989 842 recipias
1007 762 1039 822 te
1059 757 1100 822 ad
1118 780 1187 822 nos.

231 844 348 911 Omnia
369 848 493 931 tamen,
517 867 598 930 quae
621 845 683 931 vis,
711 849 744 910 et
765 850 823 911 tua
845 847 964 912 virtute
986 846 1132 931 profecto
1156 849 1188 911 et

230 938 343 1001 nostro
367 957 492 1001 summo
516 956 594 1021 erga
616 938 649 1000 te
672 935 779 1000 studio
803 956 1007 1020 consequere.

672 1164 746 1230 XII.

321 1240 322 1244 i
354 1283 413 1342 Sor.
432 1286 538 1342 Romae
557 1287 634 1355 (ante
652 1305 689 1341 m.
708 1287 852 1354 Martium)
871 1302 895 1340 a.
914 1304 941 1340 u.
960 1303 985 1342 c.
1004 1291 1064 1342 ⁷01.

538 1426 667 1484 CICERO
687 1427 880 1484 TREBATIO.

197 1546 210 1597 1
297 1533 454 1620 Mirabar,
476 1537 554 1621 quid
577 1541 676 1623 esset,
699 1538 785 1623 quod
807 1540 844 1602 tu
866 1537 947 1602 mihi
968 1537 1093 1602 litteras
1116 1537 1190 1602 mic

230 1627 299 1690 tere
322 1625 563 1691 intermisisses:
590 1626 745 1692 indicavit
767 1625 847 1691 mihi
869 1624 976 1690 Pansa
998 1647 1088 1691 meus
1111 1625 1190 1710 Epi-

232 1734 363 1780 cureum
385 1716 418 1779 te
447 1735 515 1780 esse
537 1715 669 1780 factum.
715 1714 871 1781 Ocastra
898 1715 1074 1800 praeclara!
1112 1715 1191 1799 quid

231 1806 268 1868 tu
290 1802 434 1888 fecisses,
461 1803 489 1869 si
515 1806 547 1868 te
571 1804 748 1870 Tarentum
775 1806 808 1869 et
834 1825 903 1869 non
929 1801 1190 1869 Samarobrivam
1312 1798 1313 1819 ¹

232 1891 412 1956 misissem?
434 1893 500 1957 iam
522 1895 593 1957 tum
615 1894 695 1959 mihi
717 1914 785 1958 non
803 1893 962 1978 placebas,
985 1914 1085 1977 quum
1103 1892 1190 1957 idem

196 1990 212 2039 2
231 1981 374 2064 tuebare,
393 1981 483 2066 quod
497 1981 517 2062 †
533 1980 625 2047 Zeius
644 1981 812 2048 familiaris
831 2003 930 2046 meus.
966 1978 1029 2046 Sed
1047 2002 1190 2065 quonam

232 2069 329 2136 modo
356 2071 406 2136 ius
434 2069 526 2136 civile
554 2071 721 2154 defendes,
748 2092 847 2155 quum
875 2069 984 2136 omnia
1012 2073 1069 2134 tua
1092 2090 1190 2134 causa

232 2157 347 2243 facias,
373 2181 441 2226 non
467 2159 607 2225 civium?
651 2159 717 2226 Ubi
746 2182 842 2244 porro
875 2159 932 2224 illa
958 2158 1019 2223 arft
1049 2159 1190 2223 formula

232 2246 380 2313 fiduciae:
412 2263 457 2309 vr
480 2262 587 2308 uerna
609 2261 723 2311 aoros
752 2261 845 2310 auru
873 2261 981 2310 asma
1003 2246 1188 2310 orcarur‘?

234 2335 305 2417 quis
328 2335 414 2400 enim
437 2334 533 2398 bonas
557 2338 614 2418 est,
637 2335 692 2418 qui
709 2335 789 2399 facit
805 2336 888 2401 nihil
910 2335 973 2401 nisi
991 2355 1050 2398 sua
1070 2333 1189 2399 causa?

233 2421 326 2497 Quod
348 2423 399 2487 ius
417 2425 540 2487 statues
564 2435 726 2486 connvru
748 2437 960 2502 nrvruvrno,
982 2443 1081 2506 quum
1104 2444 1189 2488 com·

234 2532 331 2574 mune
362 2511 445 2576 nihil
475 2511 579 2596 possit
610 2531 679 2574 esse
712 2511 798 2594 apud
821 2533 890 2597 eos,
920 2511 976 2597 qui
999 2511 1108 2576 omnia
1134 2534 1189 2578 vo-

233 2600 358 2683 luptate
382 2621 440 2665 sua
462 2598 661 2665 metiuntur?
706 2597 874 2673 Quomodo
903 2603 1011 2666 autem
1038 2600 1099 2664 tibi
1121 2600 1190 2685 pla·

234 2687 320 2752 cebit
350 2687 465 2756 lovan
499 2705 657 2752 Lamnum
684 2687 804 2774 iurare,
834 2712 934 2775 quum
965 2687 1047 2753 scias
1079 2687 1191 2754 Iovem

233 2777 354 2841 iratum
376 2797 445 2842 esse
467 2776 590 2841 nemini
612 2775 729 2861 posse?
766 2777 850 2855 Quid
871 2779 928 2843 fiet
949 2799 1046 2863 porro
1069 2778 1190 2861 populo

234 2863 417 2949 Ulubrano,
449 2865 477 2929 si
502 2868 540 2930 tu
567 2865 718 2930 statueris
741 2863 980 2930 πολιτεύεσθαι
1001 2887 1070 2930 non
1097 2886 1190 2949 opor-

234 2953 324 3019 tere?
361 2953 476 3038 Ouare,
498 2953 526 3018 si
547 2955 644 3038 plane
665 2953 792 3020 anobis
811 2953 929 3037 deficis,
950 2955 1084 3018 moleste
1110 2954 1192 3039 fero,

236 3043 286 3108 sin
303 3041 429 3108 Pansae
448 3043 605 3107 assentari
623 3041 826 3108 commodum
845 3046 902 3127 est,
923 3043 1071 3128 ignosco:
1093 3043 1190 3109 modo

236 3132 338 3198 scribe
362 3131 534 3216 aliquando
554 3131 595 3196 ad
613 3152 684 3216 nos,
706 3131 783 3216 quid
802 3134 937 3218 agcset
959 3131 1091 3198 anobis
1114 3130 1191 3216 quid

235 3220 306 3286 fieri
328 3223 386 3287 aut
408 3219 513 3286 curari
535 3220 625 3286 velis.

306 3447 464 3516 Ep.12‚2.
501 3450 564 3518 pais
581 3449 653 3502 calm
671 3448 758 3503 tonas
780 3453 819 3504 est
841 3449 912 3516 (W.;
935 3453 973 3504 est
992 3449 1078 3504 oona
1094 3447 1190 3518 Man).

237 3532 260 3586 q.
279 3518 351 3572 caim
368 3523 407 3573 est
424 3519 461 3573 Μ.
497 3537 522 3590 q.
542 3537 562 3574 e.
580 3519 642 3590 [est]
662 3517 716 3586 Or,
735 3519 765 3572 B.

1045 3877 1314 3971 -ffl-ffil
