2658 3986
217 205 282 269 212
500 204 538 257 m
557 202 681 257 TULLII
699 201 893 256 cressonis

219 350 259 414 de
281 349 407 413 ratione
429 346 545 412 Gallici
566 347 644 411 belli
666 347 835 413 certiorem
856 347 972 430 faeiem
997 367 1061 433 ego
1090 347 1176 412 enim

183 438 428 524 aignevissimo
460 437 575 519 cuique
605 437 779 500 maximam
809 434 908 500 fidem
937 435 1052 501 habeo.
1106 434 1177 521 Sed,

217 532 257 592 ut
269 527 311 592 ad
325 525 479 611 epistolas
492 529 566 588 tuas
579 524 718 608 redeam,
738 528 845 590 cetera
857 525 954 607 belle3
971 524 1052 589 illud
1065 525 1177 589 miror:

219 617 292 700 quis
306 616 390 680 solet
402 614 516 678 eodem
534 614 680 696 exemplo
696 614 807 697 plures
824 613 910 696 dare,
927 614 984 697 qui
1001 635 1061 678 sna
1078 635 1177 678 manu

219 704 354 769 sentiit?
380 725 472 785 nam,
498 701 585 786 qnod
607 702 643 764 in
664 702 888 786 palimpsesto,
909 702 1007 767 leudo
1030 702 1178 786 equidem

218 791 463 878 parsimoniam
485 791 542 854 sed
559 791 668 872 miror,
685 790 763 873 qnid
779 791 815 854 in
832 791 890 854 illa
907 789 1055 855 chartils
1070 790 1179 874 fuerit,

219 881 307 965 qnod
328 881 434 944 delere
456 879 608 943 malueris
631 899 729 962 quam
750 879 832 942 hacc
853 900 918 944 nos
939 879 1091 963 scribere,
1114 880 1179 944 nisi

218 969 304 1035 forte
327 973 401 1032 tuas
428 968 599 1051 formulas3
625 989 695 1032 non
720 966 807 1031 enim
833 972 914 1052 puto
939 972 974 1032 te
995 989 1085 1032 meas
1113 969 1179 1052 epi-

220 1059 321 1123 stolas
344 1059 464 1141 delere,
490 1061 529 1121 ut
549 1077 689 1142 reponas
710 1060 794 1120 tues.
838 1055 894 1120 An
915 1056 979 1121 hoc
1005 1056 1179 1142 significas,

219 1147 302 1211 nihil
324 1147 404 1230 fieri,
424 1146 545 1231 frigere
566 1149 613 1229 te,
634 1165 677 1209 ne
700 1144 846 1210 chartam
868 1145 997 1230 quidem
1018 1144 1080 1209 tibi
1103 1168 1179 1230 sup

219 1235 386 1319 peditare?
414 1235 481 1298 iam
502 1235 567 1298 ista
587 1238 647 1298 tus
668 1235 764 1318 culpe
785 1238 848 1316 est,
875 1234 931 1318 qui
953 1233 1179 1298 verecundiam

218 1327 327 1387 tecum
357 1323 509 1387 extuleris
540 1326 575 1385 et
604 1344 672 1386 non
708 1323 763 1386 hic
797 1322 967 1388 nobiscum
1001 1323 1179 1406 reliqueris.

185 1425 202 1473 3
220 1410 293 1496 Ego
310 1415 344 1475 te
361 1410 476 1494 Balbo,
498 1432 598 1495 quum
615 1410 658 1475 ad
674 1432 734 1476 vos
755 1411 984 1496 proficiscetur,
1006 1433 1096 1476 more
1114 1411 1179 1476 Ro-

220 1521 317 1565 mano
341 1499 586 1564 commendabo:
612 1503 660 1582 tu,
682 1499 710 1563 si
731 1499 938 1564 intervallum
964 1500 1094 1584 longius
1118 1501 1180 1564 erit

220 1610 365 1653 mearum
386 1589 581 1671 litterarum,
612 1609 655 1651 ne
677 1589 722 1652 sis
749 1588 940 1672 admiratum
971 1609 1060 1652 eram
1091 1589 1179 1652 enim

221 1677 370 1742 afuturus
387 1698 497 1742 mense
515 1675 629 1760 Aprili.
664 1675 734 1741 Has
756 1677 881 1741 litteras
900 1677 1014 1761 scripsi
1031 1677 1067 1741 in
1083 1676 1179 1742 Pom·

221 1766 328 1850 ptine,
357 1788 457 1850 quum
479 1765 521 1829 ed
547 1765 659 1830 villam
680 1763 725 1828 M.
747 1765 877 1830 Aemilii
899 1764 1098 1830 Philemonis
1126 1765 1179 1830 de

221 1855 398 1938 vertissem,
420 1877 459 1918 ex
481 1855 629 1939 quoiam
647 1854 811 1919 audieram
829 1855 994 1918 fremitum
1012 1854 1180 1919 clientium

220 1965 374 2028 meorum,
392 1965 473 2027 quos
492 1942 621 2027 quidem
638 1945 675 2008 tu
692 1942 774 2006 mihi
793 1943 986 2028 conciliasti3
1007 1964 1085 2008 nem
1099 1942 1180 2009 Ulu-

220 2032 288 2097 bris
314 2032 448 2098 honoris
474 2032 539 2096 mei
566 2052 663 2096 eausa
689 2031 755 2096 vim
782 2032 955 2096 maximam
985 2033 1179 2098 renunculo-

220 2143 293 2186 rum
316 2144 349 2186 se
372 2143 550 2187 commosse
574 2118 752 2186 constabat.
797 2117 892 2205 Oura,
914 2123 952 2185 ut
974 2121 1093 2186 valeas.
1129 2135 1177 2182 vr.

220 2209 268 2274 Id.
290 2208 393 2294 April.
416 2211 455 2274 de
476 2209 660 2292 Pomptino.

185 2311 203 2359 4
287 2297 471 2380 Epistolam
495 2301 599 2380 tuem,
626 2318 723 2380 quem
750 2297 859 2380 accepi
886 2298 927 2362 ab
954 2297 990 2362 L.
1013 2296 1179 2381 Arruntio,

222 2385 365 2449 conscidi
385 2385 606 2467 innocentem
627 2384 711 2448 nihil
729 2385 816 2450 enim
833 2386 983 2470 habebat,
1006 2385 1092 2472 quod
1109 2407 1180 2451 non

221 2473 274 2538 vel
295 2473 331 2536 in
354 2473 508 2538 concione
530 2475 617 2537 recte
640 2473 706 2558 legi
727 2477 850 2558 posset;
874 2473 930 2539 sed
952 2477 986 2540 et
1003 2473 1179 2540 Arruntius

221 2561 268 2624 ite
289 2563 323 2624 te
350 2560 521 2626 mandasse
551 2561 659 2626 aiebat
685 2565 719 2626 et
744 2565 781 2626 tu
808 2563 1010 2648 ascripseras.
1055 2562 1179 2629 Verum

221 2649 303 2714 illud
324 2653 408 2714 esto:
430 2649 513 2714 nihil
534 2653 567 2714 te
586 2649 627 2714 ad
645 2671 697 2715 me
714 2654 830 2735 postea
848 2653 1011 2738 scripsisse
1030 2651 1179 2738 demiror,

221 2739 411 2823 praesertim
432 2742 501 2804 tem
523 2739 616 2805 novis
639 2739 744 2804 rebus.

376 3011 446 3073 sn.
466 3018 549 3088 Regii
566 3018 599 3072 v.
618 2915 798 3075 meildulfi.
817 3037 841 3076 a.
861 3039 888 3075 u.
906 3037 930 3076 c.
950 3027 1009 3077 ⁷10.

484 3132 614 3189 CICERO
633 3133 817 3192 TREBATIO
837 3135 912 3191 SAL.

288 3233 380 3318 Vide,
404 3234 517 3319 quenti
540 3234 625 3318 apud
648 3255 700 3299 me
723 3235 781 3319 sis;
807 3237 868 3300 etsi
889 3237 958 3301 iure
984 3237 1018 3302 id
1041 3238 1179 3322 quidem,

222 3323 395 3388 nonenim
413 3327 446 3388 te
466 3344 574 3388 amore
593 3323 702 3405 vineo;
724 3327 957 3409 verumtamen,
980 3327 1067 3409 quod
1088 3349 1178 3412 pree·

292 3478 343 3548 Ep.
364 3485 406 3534 19.
442 3481 492 3536 etei
506 3520 530 3534 ..
545 3481 660 3550 quiden,
673 3496 730 3536 noo
744 3521 749 3533 .
762 3521 783 3534 ..
797 3482 892 3547 vinco·
908 3487 1092 3538 verumtamen
1103 3483 1178 3553 (Ν).

222 3565 243 3600 e.
264 3587 287 3601 ..
306 3565 345 3617 a:
362 3565 418 3604 noa
497 3553 584 3607 vinco.
621 3567 713 3606 verum
731 3556 750 3604 t.
770 3551 801 3604 Β.
