2644 3988
244 225 310 290 396
526 225 564 281 II.
583 225 707 280 TULLII
725 223 915 280 CICERONIS

244 369 394 436 omnibus
421 369 486 434 suis
513 370 694 435 latronibus
721 373 816 453 atque
844 369 933 434 omni
959 369 1097 452 pecunia
1124 389 1202 434 con·

245 459 395 524 scandere
426 480 495 523 esse
527 461 676 542 paratum
702 457 893 542 Italiamque
928 461 1049 541 petere3
1079 457 1201 524 idcirco

244 549 342 613 etiam
373 569 472 612 naves
505 547 682 631 onerarias,
713 568 848 630 quarum
874 546 981 612 minor
1011 547 1103 611 nulla
1130 550 1201 610 crat

245 637 343 702 duum
374 637 498 701 milium
530 635 736 720 amphorum,
768 637 950 700 contractas
981 635 1017 700 in
1048 633 1150 718 Lycia
1182 657 1201 698 a

85 727 90 738 '
209 727 345 790 3ιιιιιιιι
369 725 436 789 eius
460 723 607 789 obsideri.
656 723 761 789 Huius
787 724 834 788 rai
855 723 985 807 timore,
1012 745 1043 807 p.
1066 744 1102 808 a,
1129 745 1201 806 per-

244 815 326 878 citus
361 813 495 878 iniurias
535 812 660 898 perpeti
696 816 729 877 et
764 833 837 877 oum
874 812 1070 877 contumelia
1101 813 1201 876 etiam

244 906 357 967 nostra
380 898 488 966 omnia
510 902 599 986 prius
626 901 762 984 experiri
788 901 900 966 malui:
927 901 1036 984 itaque
1065 900 1107 964 ad
1130 900 1202 964 illo·

244 1013 317 1056 rum
333 992 534 1056 voluntatem
552 989 754 1055 introductus
771 990 806 1053 in
825 990 938 1053 urbem
956 994 989 1053 et
1001 989 1037 1052 in
1051 992 1201 1053 senatum

245 1101 355 1146 eornm
378 1103 475 1164 quam
497 1079 741 1164 diligentissime
763 1078 855 1162 potui
877 1099 1007 1142 causam
1030 1078 1077 1142 rei
1094 1077 1203 1160 publi·

245 1191 301 1233 cae
328 1169 381 1254 egi
407 1169 645 1253 periculumque
669 1189 777 1251 omne,
804 1166 889 1250 quod
912 1167 1062 1248 instaret,
1081 1165 1117 1230 si
1146 1166 1202 1230 ille

243 1259 328 1322 latro
352 1279 425 1321 cum
447 1257 513 1322 suis
536 1256 685 1321 omnibus
708 1277 807 1320 nares
830 1255 1081 1337 conscendisset,
1103 1275 1201 1338 expo·

246 1347 308 1428 sui3
330 1345 475 1410 Rhodios
499 1349 605 1409 autem
628 1348 721 1408 tanta
743 1344 778 1408 in
801 1343 960 1427 pravitate
978 1342 1202 1424 animadverti,

245 1436 283 1498 ut
306 1455 417 1498 omnes
439 1434 595 1498 firmiores
617 1436 770 1516 putarent
792 1453 888 1516 quam
910 1432 1028 1516 bonos,
1054 1435 1092 1495 ut
1114 1431 1202 1495 hane

246 1521 449 1586 concordiam
472 1524 505 1584 et
527 1521 797 1604 conspirationem
820 1520 964 1585 omnium
986 1519 1136 1584 ordinum
1160 1520 1202 1584 ad

246 1609 480 1674 defendendam
498 1609 679 1673 libertatem
693 1630 851 1693 propense
868 1630 936 1674 non
950 1609 1118 1673 crederent
1131 1630 1201 1673 esse

245 1698 379 1782 factam,
406 1702 443 1763 ut
469 1698 659 1782 patientiam
687 1701 817 1763 senatus
845 1701 877 1762 ct
904 1697 1019 1781 optimi
1048 1697 1203 1781 cuiusque

245 1808 375 1852 manere
398 1787 496 1851 etiam
518 1808 604 1851 nunc
627 1787 825 1851 confiderent
842 1807 902 1850 nec
920 1787 1063 1870 potuisse
1082 1787 1200 1851 audere

247 1897 439 1960 quemquam
457 1875 660 1941 Dolabellam
683 1876 809 1940 hostem
831 1874 1040 1958 iudicarant
1062 1875 1201 1959 denique

247 1966 368 2049 omnia,
395 1987 476 2048 quae
504 1964 643 2048 improbi
665 1964 845 2048 fingebant,
867 1965 971 2048 magis
994 1985 1070 2027 uera
1093 1964 1199 2028 existi·

245 2057 385 2138 merent,
416 2075 513 2138 qnam
544 2073 625 2137 quae
656 2073 729 2116 rere
760 2051 848 2117 facta
875 2056 968 2116 erant
999 2055 1032 2116 et
1059 2073 1078 2116 a
1104 2053 1202 2117 nobis

213 2142 453 2208 4doeebantur.
498 2141 568 2218 Qua
599 2144 707 2205 mente
739 2141 836 2204 etiarn
869 2145 944 2205 ante
970 2143 1118 2205 nostrum
1147 2142 1202 2204 ad·
1306 2151 1307 2228 f

187 2259 192 2265 “
217 2253 219 2258 ’
245 2235 378 2296 ventum
395 2235 471 2316 post
489 2230 642 2296 Trebonii
658 2229 916 2314 indignissimam
934 2230 1063 2294 caedem
1081 2233 1202 2294 cetera·

246 2341 308 2403 que
339 2323 389 2385 tot
419 2322 548 2403 tamque
579 2318 704 2383 nefaria
734 2318 880 2382 facinora
910 2318 1005 2382 binae
1036 2317 1202 2402 profectae

143 2453 145 2458 -
246 2412 340 2473 erant
362 2407 402 2472 ad
425 2407 627 2472 Dolabellam
653 2407 833 2492 legationes
861 2427 985 2490 eorum,
1012 2411 1044 2470 et
1071 2407 1202 2490 quidem
1225 2473 1227 2478 ,

246 2515 332 2561 noro
355 2496 509 2579 exemplo,
531 2499 607 2560 cont
607 2517 644 2559 ra
666 2495 785 2580 leges'
775 2515 932 2578 rpsorum,
954 2495 1202 2597 prohibentibus

245 2583 301 2667 iis,
332 2583 387 2667 qui
417 2587 488 2648 tum
519 2584 728 2668 magistratus
760 2584 924 2668 gerebant.
976 2582 1106 2662 †Haec
1133 2584 1202 2648 sive
1306 2591 1307 2660 ξ

243 2671 376 2755 timore,
402 2675 441 2736 ut
466 2671 558 2736 dictit
544 2675 629 2756 tant,
656 2673 695 2737 de
722 2673 821 2757 agris,
851 2694 931 2756 quos
957 2672 993 2735 in
1020 2672 1201 2736 continenti
1306 2711 1307 2754 ι

247 2760 377 2845 habent,
400 2762 466 2826 sive
488 2761 606 2844 furore,
629 2761 695 2825 sive
717 2761 864 2845 potentia
884 2782 1069 2844 paucorum,
1091 2761 1146 2843 qui
1169 2765 1203 2824 et
1306 2763 1307 2832 ι

248 2852 344 2912 antea
361 2851 431 2932 pari
450 2853 526 2914 cont
512 2811 691 2913 tumelia
661 2871 747 2914 viros
766 2848 959 2913 clarissimos
977 2849 1151 2913 affecerant
1169 2853 1201 2912 ct
1306 2841 1307 2858 ¹

247 2957 334 3002 nunc
357 2937 512 3002 maximos
535 2938 743 3022 magistratus
766 2941 924 3023 gerentes,
946 2938 1036 3001 nullo
1055 2938 1200 3020 exemplo

246 3047 351 3111 neque
373 3029 486 3091 nostra
509 3047 548 3090 ex
570 3029 661 3110 parte
684 3026 825 3110 *neque
848 3029 960 3091 nostro
982 3026 1200 3109 praesentium
1306 3095 1307 3110 ,

317 3219 369 3290 Ep.
381 3223 422 3284 15,
437 3225 460 3272 3
480 3219 629 3288 p....c(M)
662 3219 912 3288 putresconscrcpts
923 3217 1018 3288 vulgo
1055 3217 1202 3285 4.†Haec
1306 3261 1307 3264 ,

275 3291 439 3358 ..potentia
470 3289 521 3358 (sic
544 3288 659 3359 Egnata
682 3291 822 3357 palladia
844 3289 942 3358 M...)
959 3293 1066 3358 ‚parte
1084 3290 1100 3324 *
1117 3305 1202 3358 neque

248 3332 322 3428 (ιι.)
364 3361 422 3414 Hic
442 3361 539 3416 sicet.
563 3359 701 3429 (Οιι)-
721 3360 868 3426 offecerant
894 3359 930 3430 [et
951 3377 979 3414 ιι.
997 3377 1032 3414 ιι.
1053 3376 1088 3414 ιι.
1110 3376 1199 3429 perea-
1306 3369 1307 3378 ³

247 3429 345 3498 ιιι],ιι
345 3431 425 3497 ..(ιι
427 3431 511 3498 )ι-
531 3435 613 3498 porte
631 3430 748 3484 lacessiti
771 3431 827 3497 (vel
839 3432 993 3499 prouocati)
1015 3445 1100 3500 aeque
1117 3431 1200 3500 (W.?)

247 3499 312 3551 leuce
333 3500 388 3622 sige
407 3540 413 3552 .
429 3540 435 3552 .
452 3540 458 3553 .
474 3539 480 3552 .
499 3500 555 3554 sice
577 3499 784 3568 impotentia..
795 3505 942 3570 ,ριιιιιιιι
966 3501 1202 3570 nullo...1›urtc

247 3583 332 3634 aequa
