2636 3986
206 231 273 294 410
490 229 528 284 M.
547 230 672 285 TULLII
689 229 882 285 CICERONIS

207 397 319 441 eorum
340 375 487 440 oratione
507 375 653 439 intellexi
675 375 854 460 gratiarum
877 376 1004 440 actione
1024 397 1080 440 eos
1097 397 1166 440 ma-

207 465 257 550 gis
280 485 374 550 egere
397 485 495 548 quam
516 463 807 546 commendation03
828 467 923 528 tanta
941 464 1028 528 enim
1048 464 1166 528 libera·

206 553 299 618 litate
326 574 361 616 se
392 555 450 616 tua
476 573 553 617 usos
583 552 828 636 praedicabant,
858 556 897 616 ut
922 553 962 616 iis
989 553 1062 637 plus
1089 575 1110 616 a
1131 557 1165 617 te

205 641 364 705 tributum
381 641 606 726 intelligerem,
623 662 722 725 quam
739 661 801 726 ego
818 645 852 705 te
866 641 1017 705 auderem
1033 661 1166 726 rogare3

171 730 332 795 aaudebo
360 733 486 813 tamen,
517 729 584 793 seio
607 729 707 813 enim,
729 733 887 814 quantum
912 729 1064 814 ponderis
1091 751 1167 794 mea

206 817 445 883 commendatio
467 818 512 882 sit
530 817 692 882 habitura
727 817 834 893 Quare
856 839 877 882 a
898 821 932 881 te
954 821 1040 902 peto,
1061 821 1100 882 ut
1122 818 1166 882 ad

206 928 278 971 eam
303 906 546 989 liberalitatem,
577 927 641 990 qua
667 907 737 970 siue
763 907 843 970 meis
871 907 988 970 litteris
1015 927 1093 972 usus
1121 928 1166 991 es,

206 1016 304 1078 quam
325 995 484 1059 maximus
505 995 557 1059 his
579 995 696 1059 litteris
725 995 871 1059 cumulus
893 995 1037 1078 aceedat3
1064 999 1166 1078 eaput

206 1088 316 1148 autem
343 1086 393 1148 est
419 1105 510 1147 meae
537 1083 839 1167 commendationis,
865 1105 907 1147 ne
934 1083 1059 1168 patiare
1080 1081 1164 1148 Ero·

204 1175 272 1236 tem
290 1171 435 1254 Turium,
452 1171 489 1247 Q.
503 1171 594 1236 Tun'i
610 1171 772 1256 libertum,
788 1174 827 1236 ut
844 1171 949 1236 adhue
966 1171 1052 1256 feeit,
1071 1171 1164 1236 here·

205 1259 340 1324 ditatam
353 1259 529 1325 Turianam
543 1264 686 1324 avertere
700 1261 877 1344 ceterisque
896 1259 1045 1324 omnibus
1065 1260 1164 1325 rebus

204 1347 326 1413 habeas
348 1370 405 1413 eos
436 1371 456 1413 a
482 1370 534 1413 me
560 1349 900 1413 commendatissimas,
944 1347 1100 1433 Magnam
1124 1371 1165 1412 ex

205 1457 317 1500 eorum
340 1436 510 1520 splendore
533 1440 566 1501 et
588 1436 794 1502 observantia
816 1438 923 1522 capies
945 1437 1164 1521 voluptatem:

15 1517 22 1529 '
205 1524 292 1608 quod
304 1528 343 1589 ut
355 1525 443 1608 velis,
459 1529 493 1589 te
511 1523 719 1590 vehementer
735 1525 843 1590 etium·
852 1529 949 1610 atque
971 1525 1056 1590 enim
1070 1547 1162 1612 rogo.

249 1827 306 1887 Sor.
326 1847 421 1886 mense
439 1833 546 1888 ineerta
564 1719 812 1902 (ροεΧὺξέΙῖΙῗᾞ
831 1817 901 1901 Ian)
920 1847 945 1886 a
964 1849 992 1886 n
1010 1847 1034 1886 a
1054 1837 1115 1886 710.

424 1954 573 2010 01οΕΒο
592 1953 838 2010 CORNIFICIO
856 1953 940 2009 SAL.

271 2053 340 2120 Sex.
363 2055 511 2120 Aufidius
533 2058 567 2121 et
590 2056 809 2140 observantia,
832 2076 896 2139 qua
917 2077 970 2119 me
993 2055 1086 2138 colit,
1108 2077 1161 2120 ao-
1199 2067 1204 2078 '

203 2143 288 2209 cedit
310 2144 351 2208 ad
372 2145 536 2229 proximos
558 2147 592 2208 et
613 2143 784 2228 splendore
811 2144 911 2227 equiti
932 2143 1081 2208 Romano
1103 2165 1161 2208 ne

202 2232 283 2296 mini
306 2233 403 2317 oedit3
430 2236 480 2298 est
501 2235 610 2298 autem
638 2233 686 2296 ita
707 2233 894 2316 temperatis
921 2231 1160 2315 moderatisque

202 2321 355 2404 moribus,
382 2325 422 2385 ut
443 2343 569 2386 summa
591 2321 744 2386 severitas
767 2341 893 2384 summa
915 2341 988 2384 eum
1009 2321 1159 2384 humani·
1211 2367 1215 2372 -

201 2411 270 2471 tate
301 2409 468 2493 iungatur:
504 2410 594 2473 euius
625 2409 686 2474 tibi
721 2408 866 2494 negotia,
902 2429 984 2492 quae
1015 2411 1093 2473 sunt
1123 2410 1160 2472 in

202 2493 323 2579 Africa,
345 2497 392 2560 ita
414 2498 612 2582 commendo,
635 2501 672 2561 ut
689 2497 810 2563 maiore
829 2497 935 2562 studio
955 2498 1098 2582 magisve
1119 2519 1160 2561 ex

202 2582 311 2649 animo
334 2585 558 2650 commendare
585 2589 653 2651 non
678 2585 810 2670 possim.
858 2583 1050 2670 Pergratum
1077 2585 1160 2649 mihi

201 2669 325 2755 feceris,
347 2671 375 2737 si
388 2671 512 2738 dederis
526 2695 665 2759 operam,
683 2676 721 2738 ut
737 2674 766 2738 is
784 2673 947 2759 intelligat
963 2695 1051 2738 meas
1070 2673 1159 2756 apud

201 2761 234 2824 te
256 2759 381 2825 litteras
403 2761 579 2826 maximum
600 2762 727 2847 pondus
746 2761 910 2827 habuisse:
932 2761 995 2826 hoo
1012 2764 1045 2826 te
1062 2761 1160 2825 rehe-

201 2850 335 2932 menter,
357 2849 402 2914 mi
425 2847 585 2932 Cornifiei,
606 2871 696 2934 rogo.

601 3043 756 3109 XXVIII.

201 3151 258 3208 Ser,
277 3153 384 3210 Romae
402 3169 497 3210 mense
514 3154 607 3226 Aprili
626 3157 701 3224 (ante
720 3155 793 3210 XVI.
807 3155 840 3210 Κ.
855 3155 955 3226 Maias)
975 3173 1000 3210 a.
1014 3173 1041 3210 u.
1056 3173 1080 3209 e.
1096 3161 1158 3209 m.

420 3277 568 3334 010an
586 3277 833 3334 CORNIFICIO
850 3279 934 3333 SAL.

168 3386 181 3433 1
266 3374 436 3442 Assentior
452 3378 513 3443 tibi
531 3399 595 3462 eos,
618 3399 698 3462 quos
721 3377 834 3442 scribis
853 3377 1006 3462 Lilybaeo
1029 3379 1157 3463 minari,

200 3460 273 3525 istie
294 3483 416 3545 poenas
439 3465 515 3530 dare
537 3465 699 3547 debuisse,
722 3467 778 3530 sed
800 3467 952 3550 metuisti,
973 3471 1012 3531 ut
1034 3467 1090 3550 ais,
1113 3488 1156 3530 ne

201 3547 296 3611 nimis
318 3549 400 3612 liber
425 3551 462 3614 in
483 3553 665 3617 ulciscendo
693 3553 849 3638 uiderere3
876 3555 1020 3619 metuisti
1047 3554 1157 3640 igitur,
