<?xml version="1.0" encoding="UTF-8"?>
<!DOCTYPE html PUBLIC "-//W3C//DTD XHTML 1.0 Transitional//EN"
    "http://www.w3.org/TR/xhtml1/DTD/xhtml1-transitional.dtd">
<html xmlns="http://www.w3.org/1999/xhtml" xml:lang="en" lang="en">
 <head>
  <title>
</title>
<meta http-equiv="Content-Type" content="text/html;charset=utf-8" />
  <meta name='ocr-system' content='tesseract 3.04.00' />
  <meta name='ocr-capabilities' content='ocr_page ocr_carea ocr_par ocr_line ocrx_word'/>
</head>
<body>
  <div class='ocr_page' id='page_1' title='image "./epistolae00wesegoog_0239.png"; bbox 0 0 2658 3986; ppageno 0'>
   <div class='ocr_carea' id='block_1_1' title="bbox 460 964 762 1024">
    <p class='ocr_par' dir='ltr' id='par_1_1' title="bbox 460 964 762 1024">
     <span class='ocr_line' id='line_1_1' title="bbox 460 964 762 1024; baseline -0.003 -2"><span class='ocrx_word' id='word_1_1' title='bbox 460 965 570 1022; x_wconf 82' lang='lat' dir='ltr'>LIBER</span> <span class='ocrx_word' id='word_1_2' title='bbox 587 964 762 1024; x_wconf 80' lang='lat' dir='ltr'>OCTAVUS.</span> 
     </span>
    </p>
   </div>
   <div class='ocr_carea' id='block_1_2' title="bbox 306 1090 917 1270">
    <p class='ocr_par' dir='ltr' id='par_1_2' title="bbox 306 1090 917 1270">
     <span class='ocr_line' id='line_1_2' title="bbox 306 1090 917 1162; baseline 0 -4"><span class='ocrx_word' id='word_1_3' title='bbox 306 1093 350 1162; x_wconf 89' lang='lat' dir='ltr'><strong>M.</strong></span> <span class='ocrx_word' id='word_1_4' title='bbox 377 1091 568 1160; x_wconf 77' lang='lat' dir='ltr'>CAELII</span> <span class='ocrx_word' id='word_1_5' title='bbox 605 1090 917 1160; x_wconf 77' lang='lat' dir='ltr'>EPISTOLAE</span> 
     </span>
     <span class='ocr_line' id='line_1_3' title="bbox 584 1215 634 1270; baseline 0.02 -1"><span class='ocrx_word' id='word_1_6' title='bbox 584 1215 634 1270; x_wconf 88' lang='lat' dir='ltr'><strong>AD</strong></span> 
     </span>
    </p>
   </div>
   <div class='ocr_carea' id='block_1_3' title="bbox 338 1321 883 1390">
    <p class='ocr_par' dir='ltr' id='par_1_3' title="bbox 338 1321 883 1390">
     <span class='ocr_line' id='line_1_4' title="bbox 338 1321 883 1390; baseline 0.002 -2"><span class='ocrx_word' id='word_1_7' title='bbox 338 1321 382 1388; x_wconf 90' lang='lat' dir='ltr'><strong>M.</strong></span> <span class='ocrx_word' id='word_1_8' title='bbox 401 1321 600 1388; x_wconf 81' lang='lat' dir='ltr'>TULLIUM</span> <span class='ocrx_word' id='word_1_9' title='bbox 619 1321 883 1390; x_wconf 76' lang='lat' dir='ltr'><strong>CICERONEM.</strong></span> 
     </span>
    </p>
   </div>
   <div class='ocr_carea' id='block_1_4' title="bbox 152 1500 1072 1692">
    <p class='ocr_par' dir='ltr' id='par_1_4' title="bbox 152 1500 1072 1692">
     <span class='ocr_line' id='line_1_5' title="bbox 600 1500 626 1566; baseline 0 0"><span class='ocrx_word' id='word_1_10' title='bbox 600 1500 626 1566; x_wconf 93' lang='lat' dir='ltr'><strong>I.</strong></span> 
     </span>
     <span class='ocr_line' id='line_1_6' title="bbox 152 1621 1072 1692; baseline 0.002 -16"><span class='ocrx_word' id='word_1_11' title='bbox 152 1621 210 1676; x_wconf 80' lang='lat' dir='ltr'><strong>Sor.</strong></span> <span class='ocrx_word' id='word_1_12' title='bbox 230 1621 335 1676; x_wconf 85' lang='lat' dir='ltr'><strong>Romae</strong></span> <span class='ocrx_word' id='word_1_13' title='bbox 354 1637 448 1676; x_wconf 83' lang='lat' dir='ltr'><strong>mense</strong></span> <span class='ocrx_word' id='word_1_14' title='bbox 467 1621 541 1677; x_wconf 82' lang='lat' dir='ltr'><strong>Malo</strong></span> <span class='ocrx_word' id='word_1_15' title='bbox 561 1623 636 1692; x_wconf 88' lang='lat' dir='ltr'><strong>(post</strong></span> <span class='ocrx_word' id='word_1_16' title='bbox 654 1621 693 1677; x_wconf 88' lang='lat' dir='ltr'><strong>IX</strong></span> <span class='ocrx_word' id='word_1_17' title='bbox 712 1621 773 1677; x_wconf 87' lang='lat' dir='ltr'><strong>Kal.</strong></span> <span class='ocrx_word' id='word_1_18' title='bbox 793 1623 864 1692; x_wconf 80' lang='lat' dir='ltr'><strong>Iun.)</strong></span> <span class='ocrx_word' id='word_1_19' title='bbox 884 1639 908 1676; x_wconf 87' lang='lat' dir='ltr'><strong>a.</strong></span> <span class='ocrx_word' id='word_1_20' title='bbox 928 1641 954 1676; x_wconf 89' lang='lat' dir='ltr'><strong>u.</strong></span> <span class='ocrx_word' id='word_1_21' title='bbox 975 1640 996 1678; x_wconf 87' lang='lat' dir='ltr'><strong>c.</strong></span> <span class='ocrx_word' id='word_1_22' title='bbox 1014 1629 1072 1678; x_wconf 77' lang='lat'>703.</span> 
     </span>
    </p>
   </div>
   <div class='ocr_carea' id='block_1_5' title="bbox 397 1761 828 1818">
    <p class='ocr_par' dir='ltr' id='par_1_5' title="bbox 397 1761 828 1818">
     <span class='ocr_line' id='line_1_7' title="bbox 397 1761 828 1818; baseline 0 0"><span class='ocrx_word' id='word_1_23' title='bbox 397 1761 549 1818; x_wconf 80' lang='lat' dir='ltr'>GAELIUS</span> <span class='ocrx_word' id='word_1_24' title='bbox 564 1761 735 1818; x_wconf 76' lang='lat' dir='ltr'>CICERONI</span> <span class='ocrx_word' id='word_1_25' title='bbox 754 1763 828 1818; x_wconf 80' lang='lat' dir='ltr'>SAL.</span> 
     </span>
    </p>
   </div>
   <div class='ocr_carea' id='block_1_6' title="bbox 132 1870 1206 3374">
    <p class='ocr_par' dir='ltr' id='par_1_6' title="bbox 132 1870 1206 3374">
     <span class='ocr_line' id='line_1_8' title="bbox 203 1870 1125 1955; baseline -0.003 -18"><span class='ocrx_word' id='word_1_26' title='bbox 203 1872 296 1950; x_wconf 82' lang='lat' dir='ltr'><strong>Quod</strong></span> <span class='ocrx_word' id='word_1_27' title='bbox 323 1871 383 1936; x_wconf 91' lang='lat' dir='ltr'><strong>tibi</strong></span> <span class='ocrx_word' id='word_1_28' title='bbox 411 1870 576 1936; x_wconf 80' lang='lat' dir='ltr'><strong>discedens</strong></span> <span class='ocrx_word' id='word_1_29' title='bbox 608 1871 770 1955; x_wconf 87' lang='lat' dir='ltr'><strong>pollicitus</strong></span> <span class='ocrx_word' id='word_1_30' title='bbox 802 1895 873 1937; x_wconf 88' lang='lat' dir='ltr'><strong>sum</strong></span> <span class='ocrx_word' id='word_1_31' title='bbox 900 1893 950 1937; x_wconf 90' lang='lat' dir='ltr'><strong>me</strong></span> <span class='ocrx_word' id='word_1_32' title='bbox 981 1886 1125 1938; x_wconf 88' lang='lat' dir='ltr'><strong>omnes1</strong></span> 
     </span>
     <span class='ocr_line' id='line_1_9' title="bbox 132 1959 1093 2046; baseline -0.001 -19"><span class='ocrx_word' id='word_1_33' title='bbox 132 1981 186 2027; x_wconf 88' lang='lat' dir='ltr'><strong>res</strong></span> <span class='ocrx_word' id='word_1_34' title='bbox 209 1961 350 2026; x_wconf 87' lang='lat' dir='ltr'><strong>urbanas</strong></span> <span class='ocrx_word' id='word_1_35' title='bbox 378 1959 623 2045; x_wconf 81' lang='lat' dir='ltr'><strong>diligentissime</strong></span> <span class='ocrx_word' id='word_1_36' title='bbox 646 1960 706 2023; x_wconf 93' lang='lat' dir='ltr'><strong>tibi</strong></span> <span class='ocrx_word' id='word_1_37' title='bbox 728 1961 993 2046; x_wconf 76' lang='lat' dir='ltr'><strong>perscripturum,</strong></span> <span class='ocrx_word' id='word_1_38' title='bbox 1016 1962 1093 2026; x_wconf 83' lang='lat' dir='ltr'><strong>data</strong></span> 
     </span>
     <span class='ocr_line' id='line_1_10' title="bbox 134 2048 1206 2134; baseline -0.002 -19"><span class='ocrx_word' id='word_1_39' title='bbox 134 2070 236 2134; x_wconf 85' lang='lat' dir='ltr'><strong>opera</strong></span> <span class='ocrx_word' id='word_1_40' title='bbox 258 2049 381 2134; x_wconf 84' lang='lat' dir='ltr'><strong>paravi,</strong></span> <span class='ocrx_word' id='word_1_41' title='bbox 409 2050 464 2132; x_wconf 90' lang='lat' dir='ltr'><strong>qui</strong></span> <span class='ocrx_word' id='word_1_42' title='bbox 492 2049 537 2113; x_wconf 89' lang='lat' dir='ltr'><strong>sio</strong></span> <span class='ocrx_word' id='word_1_43' title='bbox 565 2048 673 2113; x_wconf 88' lang='lat' dir='ltr'><strong>omnia</strong></span> <span class='ocrx_word' id='word_1_44' title='bbox 699 2052 955 2132; x_wconf 76' lang='lat' dir='ltr'><strong>persequeretur,</strong></span> <span class='ocrx_word' id='word_1_45' title='bbox 983 2053 1019 2113; x_wconf 91' lang='lat' dir='ltr'><strong>ut</strong></span> <span class='ocrx_word' id='word_1_46' title='bbox 1040 2071 1092 2114; x_wconf 85' lang='lat' dir='ltr'><strong>ve·</strong></span> <span class='ocrx_word' id='word_1_47' title='bbox 1201 2127 1206 2132; x_wconf 25' lang='grc' dir='ltr'>Ι</span> 
     </span>
     <span class='ocr_line' id='line_1_11' title="bbox 134 2136 1093 2222; baseline -0.001 -19"><span class='ocrx_word' id='word_1_48' title='bbox 134 2160 219 2222; x_wconf 88' lang='lat' dir='ltr'><strong>rear,</strong></span> <span class='ocrx_word' id='word_1_49' title='bbox 240 2159 281 2202; x_wconf 89' lang='lat' dir='ltr'><strong>ne</strong></span> <span class='ocrx_word' id='word_1_50' title='bbox 299 2138 358 2202; x_wconf 89' lang='lat' dir='ltr'><strong>tibi</strong></span> <span class='ocrx_word' id='word_1_51' title='bbox 377 2137 513 2201; x_wconf 89' lang='lat' dir='ltr'><strong>nimium</strong></span> <span class='ocrx_word' id='word_1_52' title='bbox 532 2139 648 2222; x_wconf 78' lang='lat' dir='ltr'><strong>arguta</strong></span> <span class='ocrx_word' id='word_1_53' title='bbox 665 2137 746 2200; x_wconf 92' lang='lat' dir='ltr'><strong>haec</strong></span> <span class='ocrx_word' id='word_1_54' title='bbox 765 2136 918 2202; x_wconf 72' lang='lat' dir='ltr'><strong>sedulitas</strong></span> <span class='ocrx_word' id='word_1_55' title='bbox 938 2137 1093 2202; x_wconf 81' lang='lat' dir='ltr'><strong>videatur.</strong></span> 
     </span>
     <span class='ocr_line' id='line_1_12' title="bbox 136 2225 1093 2309; baseline 0 -19"><span class='ocrx_word' id='word_1_56' title='bbox 136 2225 282 2290; x_wconf 80' lang='lat' dir='ltr'><strong>Tametsi</strong></span> <span class='ocrx_word' id='word_1_57' title='bbox 302 2231 339 2290; x_wconf 89' lang='lat' dir='ltr'><strong>tu</strong></span> <span class='ocrx_word' id='word_1_58' title='bbox 362 2226 428 2290; x_wconf 87' lang='lat' dir='ltr'><strong>scio</strong></span> <span class='ocrx_word' id='word_1_59' title='bbox 452 2247 549 2309; x_wconf 86' lang='lat' dir='ltr'><strong>quam</strong></span> <span class='ocrx_word' id='word_1_60' title='bbox 573 2225 616 2290; x_wconf 89' lang='lat' dir='ltr'><strong>sis</strong></span> <span class='ocrx_word' id='word_1_61' title='bbox 640 2226 784 2290; x_wconf 84' lang='lat' dir='ltr'><strong>curiosus</strong></span> <span class='ocrx_word' id='word_1_62' title='bbox 813 2229 845 2289; x_wconf 93' lang='lat' dir='ltr'><strong>et</strong></span> <span class='ocrx_word' id='word_1_63' title='bbox 872 2247 968 2309; x_wconf 88' lang='lat' dir='ltr'><strong>quam</strong></span> <span class='ocrx_word' id='word_1_64' title='bbox 992 2228 1093 2291; x_wconf 88' lang='lat' dir='ltr'><strong>omni-</strong></span> 
     </span>
     <span class='ocr_line' id='line_1_13' title="bbox 135 2313 1092 2400; baseline 0.001 -21"><span class='ocrx_word' id='word_1_65' title='bbox 135 2317 199 2379; x_wconf 90' lang='lat' dir='ltr'><strong>bus</strong></span> <span class='ocrx_word' id='word_1_66' title='bbox 221 2314 503 2400; x_wconf 84' lang='lat' dir='ltr'><strong>peregrinantibus</strong></span> <span class='ocrx_word' id='word_1_67' title='bbox 526 2317 655 2400; x_wconf 85' lang='lat' dir='ltr'><strong>gratum</strong></span> <span class='ocrx_word' id='word_1_68' title='bbox 678 2315 721 2378; x_wconf 91' lang='lat' dir='ltr'><strong>sit</strong></span> <span class='ocrx_word' id='word_1_69' title='bbox 743 2313 948 2379; x_wconf 86' lang='lat' dir='ltr'><strong>minimarum</strong></span> <span class='ocrx_word' id='word_1_70' title='bbox 966 2337 1092 2399; x_wconf 90' lang='lat' dir='ltr'><strong>quoque</strong></span> 
     </span>
     <span class='ocr_line' id='line_1_14' title="bbox 134 2403 1093 2489; baseline 0.002 -21"><span class='ocrx_word' id='word_1_71' title='bbox 134 2425 258 2487; x_wconf 87' lang='lat' dir='ltr'><strong>rerum,</strong></span> <span class='ocrx_word' id='word_1_72' title='bbox 285 2424 366 2487; x_wconf 83' lang='lat' dir='ltr'><strong>quae</strong></span> <span class='ocrx_word' id='word_1_73' title='bbox 394 2403 481 2468; x_wconf 89' lang='lat' dir='ltr'><strong>domi</strong></span> <span class='ocrx_word' id='word_1_74' title='bbox 504 2407 671 2489; x_wconf 83' lang='lat' dir='ltr'><strong>gerantur,</strong></span> <span class='ocrx_word' id='word_1_75' title='bbox 697 2403 767 2468; x_wconf 87' lang='lat' dir='ltr'><strong>fieri</strong></span> <span class='ocrx_word' id='word_1_76' title='bbox 791 2403 954 2488; x_wconf 84' lang='lat' dir='ltr'><strong>certiores,</strong></span> <span class='ocrx_word' id='word_1_77' title='bbox 983 2407 1093 2470; x_wconf 89' lang='lat' dir='ltr'><strong>tamen</strong></span> 
     </span>
     <span class='ocr_line' id='line_1_15' title="bbox 135 2491 1092 2576; baseline 0.001 -20"><span class='ocrx_word' id='word_1_78' title='bbox 135 2493 172 2556; x_wconf 87' lang='lat' dir='ltr'><strong>in</strong></span> <span class='ocrx_word' id='word_1_79' title='bbox 195 2491 258 2558; x_wconf 86' lang='lat' dir='ltr'><strong>hoc</strong></span> <span class='ocrx_word' id='word_1_80' title='bbox 284 2495 317 2557; x_wconf 92' lang='lat' dir='ltr'><strong>te</strong></span> <span class='ocrx_word' id='word_1_81' title='bbox 340 2492 505 2576; x_wconf 87' lang='lat' dir='ltr'><strong>deprecor,</strong></span> <span class='ocrx_word' id='word_1_82' title='bbox 537 2513 578 2557; x_wconf 89' lang='lat' dir='ltr'><strong>ne</strong></span> <span class='ocrx_word' id='word_1_83' title='bbox 605 2513 712 2558; x_wconf 88' lang='lat' dir='ltr'><strong>meum</strong></span> <span class='ocrx_word' id='word_1_84' title='bbox 743 2492 806 2558; x_wconf 91' lang='lat' dir='ltr'><strong>hoc</strong></span> <span class='ocrx_word' id='word_1_85' title='bbox 838 2491 979 2556; x_wconf 88' lang='lat' dir='ltr'><strong>officium</strong></span> <span class='ocrx_word' id='word_1_86' title='bbox 1007 2515 1092 2558; x_wconf 92' lang='lat' dir='ltr'><strong>arro-</strong></span> 
     </span>
     <span class='ocr_line' id='line_1_16' title="bbox 136 2580 1093 2668; baseline 0 -22"><span class='ocrx_word' id='word_1_87' title='bbox 136 2582 269 2668; x_wconf 86' lang='lat' dir='ltr'><strong>gantiae</strong></span> <span class='ocrx_word' id='word_1_88' title='bbox 297 2580 503 2664; x_wconf 87' lang='lat' dir='ltr'><strong>condemnes,</strong></span> <span class='ocrx_word' id='word_1_89' title='bbox 531 2581 617 2664; x_wconf 90' lang='lat' dir='ltr'><strong>quod</strong></span> <span class='ocrx_word' id='word_1_90' title='bbox 638 2581 725 2644; x_wconf 91' lang='lat' dir='ltr'><strong>bunc</strong></span> <span class='ocrx_word' id='word_1_91' title='bbox 753 2581 897 2645; x_wconf 89' lang='lat' dir='ltr'><strong>laborem</strong></span> <span class='ocrx_word' id='word_1_92' title='bbox 925 2581 1018 2644; x_wconf 89' lang='lat' dir='ltr'><strong>alteri</strong></span> <span class='ocrx_word' id='word_1_93' title='bbox 1041 2581 1093 2646; x_wconf 89' lang='lat' dir='ltr'><strong>de·</strong></span> 
     </span>
     <span class='ocr_line' id='line_1_17' title="bbox 134 2668 1194 2755; baseline 0.001 -21"><span class='ocrx_word' id='word_1_94' title='bbox 134 2671 258 2755; x_wconf 84' lang='lat' dir='ltr'><strong>legavi,</strong></span> <span class='ocrx_word' id='word_1_95' title='bbox 275 2690 344 2735; x_wconf 92' lang='lat' dir='ltr'><strong>non</strong></span> <span class='ocrx_word' id='word_1_96' title='bbox 366 2670 444 2753; x_wconf 91' lang='lat' dir='ltr'><strong>quin</strong></span> <span class='ocrx_word' id='word_1_97' title='bbox 467 2668 793 2734; x_wconf 86' lang='lat' dir='ltr'><strong>mihisuavissimum</strong></span> <span class='ocrx_word' id='word_1_98' title='bbox 817 2669 859 2732; x_wconf 89' lang='lat' dir='ltr'><strong>sit</strong></span> <span class='ocrx_word' id='word_1_99' title='bbox 882 2672 914 2732; x_wconf 89' lang='lat' dir='ltr'><strong>et</strong></span> <span class='ocrx_word' id='word_1_100' title='bbox 937 2673 1092 2753; x_wconf 88' lang='lat' dir='ltr'><strong>occupato</strong></span> <span class='ocrx_word' id='word_1_101' title='bbox 1191 2743 1194 2752; x_wconf 42' lang='grc'>,</span> 
     </span>
     <span class='ocr_line' id='line_1_18' title="bbox 137 2756 1092 2842; baseline -0.001 -19"><span class='ocrx_word' id='word_1_102' title='bbox 137 2759 235 2823; x_wconf 88' lang='lat' dir='ltr'><strong>etad</strong></span> <span class='ocrx_word' id='word_1_103' title='bbox 266 2758 391 2823; x_wconf 85' lang='lat' dir='ltr'><strong>litteras</strong></span> <span class='ocrx_word' id='word_1_104' title='bbox 424 2757 621 2841; x_wconf 75' lang='lat' dir='ltr'><strong>scribendae,</strong></span> <span class='ocrx_word' id='word_1_105' title='bbox 651 2761 690 2822; x_wconf 90' lang='lat' dir='ltr'><strong>ut</strong></span> <span class='ocrx_word' id='word_1_106' title='bbox 720 2761 756 2820; x_wconf 92' lang='lat' dir='ltr'><strong>tu</strong></span> <span class='ocrx_word' id='word_1_107' title='bbox 788 2756 888 2841; x_wconf 91' lang='lat' dir='ltr'><strong>nosti,</strong></span> <span class='ocrx_word' id='word_1_108' title='bbox 919 2757 1092 2842; x_wconf 79' lang='lat' dir='ltr'><strong>pigerrimo</strong></span> 
     </span>
     <span class='ocr_line' id='line_1_19' title="bbox 135 2845 1094 2931; baseline -0.001 -20"><span class='ocrx_word' id='word_1_109' title='bbox 135 2851 213 2912; x_wconf 89' lang='lat' dir='ltr'><strong>tuae</strong></span> <span class='ocrx_word' id='word_1_110' title='bbox 240 2847 413 2912; x_wconf 81' lang='lat' dir='ltr'><strong>memoriae</strong></span> <span class='ocrx_word' id='word_1_111' title='bbox 441 2846 517 2911; x_wconf 87' lang='lat' dir='ltr'><strong>dare</strong></span> <span class='ocrx_word' id='word_1_112' title='bbox 545 2867 689 2930; x_wconf 84' lang='lat' dir='ltr'><strong>operam,</strong></span> <span class='ocrx_word' id='word_1_113' title='bbox 719 2845 774 2910; x_wconf 89' lang='lat' dir='ltr'><strong>sed</strong></span> <span class='ocrx_word' id='word_1_114' title='bbox 800 2845 907 2929; x_wconf 89' lang='lat' dir='ltr'><strong>ipsum</strong></span> <span class='ocrx_word' id='word_1_115' title='bbox 935 2847 1094 2931; x_wconf 83' lang='lat' dir='ltr'><strong>volumen,</strong></span> 
     </span>
     <span class='ocr_line' id='line_1_20' title="bbox 137 2933 1093 3020; baseline 0.002 -21"><span class='ocrx_word' id='word_1_116' title='bbox 137 2935 225 3020; x_wconf 89' lang='lat' dir='ltr'><strong>quod</strong></span> <span class='ocrx_word' id='word_1_117' title='bbox 247 2935 308 3000; x_wconf 91' lang='lat' dir='ltr'><strong>tibi</strong></span> <span class='ocrx_word' id='word_1_118' title='bbox 330 2935 413 3018; x_wconf 89' lang='lat' dir='ltr'><strong>misi,</strong></span> <span class='ocrx_word' id='word_1_119' title='bbox 433 2934 537 3018; x_wconf 84' lang='lat' dir='ltr'><strong>facilc,</strong></span> <span class='ocrx_word' id='word_1_120' title='bbox 560 2938 597 2999; x_wconf 90' lang='lat' dir='ltr'><strong>ut</strong></span> <span class='ocrx_word' id='word_1_121' title='bbox 620 2955 680 3019; x_wconf 81' lang='lat' dir='ltr'><strong>ego</strong></span> <span class='ocrx_word' id='word_1_122' title='bbox 704 2933 854 3019; x_wconf 86' lang='lat' dir='ltr'><strong>arbitror,</strong></span> <span class='ocrx_word' id='word_1_123' title='bbox 881 2955 932 2998; x_wconf 90' lang='lat' dir='ltr'><strong>me</strong></span> <span class='ocrx_word' id='word_1_124' title='bbox 955 2938 1093 3001; x_wconf 83' lang='lat' dir='ltr'><strong>excusat.</strong></span> 
     </span>
     <span class='ocr_line' id='line_1_21' title="bbox 136 3021 1094 3108; baseline -0.004 -18"><span class='ocrx_word' id='word_1_125' title='bbox 136 3021 255 3092; x_wconf 89' lang='lat' dir='ltr'><strong>Nescio</strong></span> <span class='ocrx_word' id='word_1_126' title='bbox 279 3024 370 3088; x_wconf 87' lang='lat' dir='ltr'><strong>cuius</strong></span> <span class='ocrx_word' id='word_1_127' title='bbox 393 3023 451 3088; x_wconf 90' lang='lat' dir='ltr'><strong>otii</strong></span> <span class='ocrx_word' id='word_1_128' title='bbox 473 3027 558 3087; x_wconf 87' lang='lat' dir='ltr'><strong>esset</strong></span> <span class='ocrx_word' id='word_1_129' title='bbox 579 3045 647 3088; x_wconf 94' lang='lat' dir='ltr'><strong>non</strong></span> <span class='ocrx_word' id='word_1_130' title='bbox 669 3022 765 3088; x_wconf 90' lang='lat' dir='ltr'><strong>modo</strong></span> <span class='ocrx_word' id='word_1_131' title='bbox 787 3023 983 3108; x_wconf 86' lang='lat' dir='ltr'><strong>perscribere</strong></span> <span class='ocrx_word' id='word_1_132' title='bbox 1005 3022 1094 3107; x_wconf 90' lang='lat' dir='ltr'><strong>haee,</strong></span> 
     </span>
     <span class='ocr_line' id='line_1_22' title="bbox 137 3111 1094 3195; baseline -0.002 -19"><span class='ocrx_word' id='word_1_133' title='bbox 137 3112 195 3176; x_wconf 91' lang='lat' dir='ltr'><strong>sed</strong></span> <span class='ocrx_word' id='word_1_134' title='bbox 227 3112 360 3177; x_wconf 91' lang='lat' dir='ltr'><strong>omnino</strong></span> <span class='ocrx_word' id='word_1_135' title='bbox 393 3111 659 3195; x_wconf 81' lang='lat' dir='ltr'><strong>animadvertere3</strong></span> <span class='ocrx_word' id='word_1_136' title='bbox 692 3111 799 3176; x_wconf 83' lang='lat' dir='ltr'><strong>omnia</strong></span> <span class='ocrx_word' id='word_1_137' title='bbox 829 3111 914 3176; x_wconf 89' lang='lat' dir='ltr'><strong>enim</strong></span> <span class='ocrx_word' id='word_1_138' title='bbox 946 3114 1023 3175; x_wconf 88' lang='lat' dir='ltr'><strong>sunt</strong></span> <span class='ocrx_word' id='word_1_139' title='bbox 1048 3111 1094 3174; x_wconf 92' lang='lat' dir='ltr'><strong>ibi</strong></span> 
     </span>
     <span class='ocr_line' id='line_1_23' title="bbox 138 3199 1094 3285; baseline -0.002 -21"><span class='ocrx_word' id='word_1_140' title='bbox 138 3203 270 3266; x_wconf 85' lang='lat' dir='ltr'><strong>senatus</strong></span> <span class='ocrx_word' id='word_1_141' title='bbox 308 3200 455 3265; x_wconf 90' lang='lat' dir='ltr'><strong>consulta</strong></span> <span class='ocrx_word' id='word_1_142' title='bbox 492 3199 608 3285; x_wconf 86' lang='lat' dir='ltr'><strong>edicta,</strong></span> <span class='ocrx_word' id='word_1_143' title='bbox 643 3199 773 3264; x_wconf 85' lang='lat' dir='ltr'><strong>fabulae</strong></span> <span class='ocrx_word' id='word_1_144' title='bbox 808 3221 968 3282; x_wconf 81' lang='lat' dir='ltr'><strong>rumores3</strong></span> <span class='ocrx_word' id='word_1_145' title='bbox 1009 3199 1094 3282; x_wconf 90' lang='lat' dir='ltr'><strong>quod</strong></span> 
     </span>
     <span class='ocr_line' id='line_1_24' title="bbox 137 3285 1093 3374; baseline -0.003 -20"><span class='ocrx_word' id='word_1_146' title='bbox 137 3290 319 3374; x_wconf 86' lang='lat' dir='ltr'><strong>exemplum</strong></span> <span class='ocrx_word' id='word_1_147' title='bbox 339 3289 366 3352; x_wconf 89' lang='lat' dir='ltr'><strong>si</strong></span> <span class='ocrx_word' id='word_1_148' title='bbox 384 3288 468 3352; x_wconf 87' lang='lat' dir='ltr'><strong>forte</strong></span> <span class='ocrx_word' id='word_1_149' title='bbox 487 3288 592 3352; x_wconf 89' lang='lat' dir='ltr'><strong>minus</strong></span> <span class='ocrx_word' id='word_1_150' title='bbox 609 3291 642 3351; x_wconf 90' lang='lat' dir='ltr'><strong>tc</strong></span> <span class='ocrx_word' id='word_1_151' title='bbox 661 3287 835 3372; x_wconf 85' lang='lat' dir='ltr'><strong>delectarit,</strong></span> <span class='ocrx_word' id='word_1_152' title='bbox 854 3308 894 3352; x_wconf 86' lang='lat' dir='ltr'><strong>ne</strong></span> <span class='ocrx_word' id='word_1_153' title='bbox 912 3285 1093 3351; x_wconf 86' lang='lat' dir='ltr'><strong>molestiam</strong></span> 
     </span>
    </p>
   </div>
   <div class='ocr_carea' id='block_1_7' title="bbox 136 3459 1094 3674">
    <p class='ocr_par' dir='ltr' id='par_1_7' title="bbox 136 3459 1094 3674">
     <span class='ocr_line' id='line_1_25' title="bbox 209 3459 1094 3534; baseline -0.001 -17"><span class='ocrx_word' id='word_1_154' title='bbox 209 3463 261 3534; x_wconf 83' lang='lat' dir='ltr'><strong>Ep.</strong></span> <span class='ocrx_word' id='word_1_155' title='bbox 289 3469 312 3532; x_wconf 86' lang='lat'><strong>1,</strong></span> <span class='ocrx_word' id='word_1_156' title='bbox 333 3469 356 3517; x_wconf 91' lang='lat'><strong>1.</strong></span> <span class='ocrx_word' id='word_1_157' title='bbox 394 3461 540 3520; x_wconf 70' lang='lat' dir='ltr'><strong>discedenti</strong></span> <span class='ocrx_word' id='word_1_158' title='bbox 559 3462 643 3532; x_wconf 76' lang='lat' dir='ltr'><strong>(W.)?</strong></span> <span class='ocrx_word' id='word_1_159' title='bbox 664 3491 696 3502; x_wconf 89' lang='lat'><em>-</em></span> <span class='ocrx_word' id='word_1_160' title='bbox 716 3462 844 3531; x_wconf 79' lang='lat' dir='ltr'><strong>delepaoi,</strong></span> <span class='ocrx_word' id='word_1_161' title='bbox 863 3475 919 3516; x_wconf 79' lang='lat' dir='ltr'><strong>aaa</strong></span> <span class='ocrx_word' id='word_1_162' title='bbox 932 3460 1001 3530; x_wconf 78' lang='lat' dir='ltr'><strong>puin</strong></span> <span class='ocrx_word' id='word_1_163' title='bbox 1019 3459 1094 3531; x_wconf 88' lang='lat' dir='ltr'><strong>(W.).</strong></span> 
     </span>
     <span class='ocr_line' id='line_1_26' title="bbox 136 3533 340 3604; baseline -0.02 -12"><span class='ocrx_word' id='word_1_164' title='bbox 136 3535 180 3592; x_wconf 76' lang='lat' dir='ltr'><strong>et:</strong></span> <span class='ocrx_word' id='word_1_165' title='bbox 198 3550 255 3590; x_wconf 80' lang='lat' dir='ltr'><strong>acu</strong></span> <span class='ocrx_word' id='word_1_166' title='bbox 273 3551 297 3604; x_wconf 78' lang='lat' dir='ltr'><strong>p.</strong></span> <span class='ocrx_word' id='word_1_167' title='bbox 316 3533 340 3588; x_wconf 91' lang='lat' dir='ltr'>B</span> 
     </span>
     <span class='ocr_line' id='line_1_27' title="bbox 830 3625 883 3674; baseline 0 0"><span class='ocrx_word' id='word_1_168' title='bbox 830 3625 883 3674; x_wconf 74' lang='lat'><strong>15*</strong></span> 
     </span>
    </p>
   </div>
   <div class='ocr_carea' id='block_1_8' title="bbox 0 0 1348 3986">
    <p class='ocr_par' dir='ltr' id='par_1_8' title="bbox 0 0 1348 3986">
     <span class='ocr_line' id='line_1_28' title="bbox 0 0 1348 3986; baseline 0 0"><span class='ocrx_word' id='word_1_169' title='bbox 0 0 1348 3986; x_wconf 95' lang='lat' dir='ltr'><strong> </strong></span> 
     </span>
    </p>
   </div>
  </div>
 </body>
</html>
