2658 3986
401 246 660 303 EPISTULARUM
682 247 756 302 VIII.
775 253 800 301 4.
1014 246 1080 310 233

120 416 220 479 quam
239 393 452 458 deriseramus
471 393 557 476 olim,
579 395 613 456 et
630 391 847 477 promulgatio
865 391 905 456 de
924 391 1080 458 dictatore

120 483 230 548 subito
254 482 370 547 deiecit
392 485 425 546 et
447 481 605 547 deiectum
627 500 746 566 magno
774 481 914 544 elamore
935 480 1082 545 insecuta

121 575 185 654 est,
212 570 288 635 inde
310 569 445 634 Hirrum
471 570 579 635 cuncti
601 569 666 636 iam
688 590 756 634 non
784 567 969 634 faciendum
990 567 1080 654 flagi-

120 665 202 725 tare.
239 657 340 742 Spero
362 662 395 722 te
419 657 565 722 celeriter
586 662 619 722 et
641 657 680 721 de
701 657 806 743 nobis,
829 657 915 741 quod
936 656 1082 742 sperasti,

123 752 156 814 et
179 748 219 813 de
248 748 319 830 illo,
347 745 433 830 quod
459 747 513 810 rix
536 767 664 836 sperare
687 767 784 811 ausus
812 767 860 830 es,
888 745 1081 811 auditurum.

123 837 172 902 De
200 857 236 900 re
263 835 393 920 publice
418 835 485 900 iam
511 835 588 900 novi
615 835 790 920 quidquem
816 837 1002 919 exspectare
1029 836 1117 899 <le-4

124 926 294 1005 sieramus3
316 925 381 1008 sed,
405 943 504 1008 quum
522 927 653 988 senatus
671 922 802 988 habitus
821 927 905 988 esset
923 923 964 988 ed
982 923 1082 1008 Apol-

124 1014 201 1078 linis
230 1008 263 1077 (ιζ
282 1014 312 1076 (1.
339 1028 387 1074 xl.
409 1011 482 1077 Kal.
505 1010 591 1077 Sext.
613 1014 647 1076 et
667 1011 840 1076 referretur
863 1011 902 1076 de
921 1011 1081 1097 stipendio

125 1101 183 1167 On.
202 1100 357 1186 Pompeii,
378 1101 500 1166 mentio
522 1101 610 1164 facte
633 1103 682 1164 est
705 1100 743 1164 de
766 1099 894 1184 legione
917 1121 963 1183 ea,
986 1121 1083 1184 quam

125 1211 300 1276 expensam
330 1190 406 1264 tulit
432 1187 467 1254 Ο.
495 1186 625 1254 Caesari
646 1188 833 1272 Pompeius,
855 1209 928 1272 quc>
947 1208 1082 1254 numero

125 1279 224 1362 esset,
251 1301 315 1362 quo
343 1281 555 1362 appeteretur.
605 1275 726 1356 †'Ourn
752 1275 926 1360 Pompeius
952 1297 1021 1342 esse
1048 1277 1084 1341 in

125 1367 240 1451 Gallia,
263 1371 393 1433 coactus
417 1370 466 1432 est
483 1366 588 1431 dicere
606 1365 778 1450 Pompeius
797 1385 831 1430 se
849 1365 1010 1450 legionem
1029 1367 1083 1430 ab·

126 1457 313 1539 ducturum,
340 1455 396 1520 sed
421 1476 489 1520 non
517 1455 627 1520 statim
650 1455 711 1519 sub
732 1455 930 1520 mentionem
953 1457 986 1518 et
1009 1475 1084 1520 con·

127 1546 247 1610 vicium
270 1545 537 1626 obtrectatorum
559 1543 634 1608 inde
656 1545 876 1629 iuterrogatus
899 1543 937 1608 de
960 1563 1084 1608 sueces-

126 1635 218 1700 sione
247 1630 281 1698 O.
305 1631 464 1717 Caesaris,
496 1632 535 1696 de
562 1655 639 1716 qua,
669 1632 732 1698 hoc
758 1635 809 1697 est
835 1631 874 1696 de
901 1632 1085 1717 provinciis,

126 1722 283 1807 placitum
306 1725 368 1805 cet,
385 1724 433 1786 ut
459 1743 556 1806 quam
583 1722 722 1806 primum
745 1721 786 1784 ad
808 1719 921 1784 urbem
947 1724 1084 1785 reuerte-

126 1816 216 1876 retur
239 1808 298 1876 Cn.
321 1809 507 1895 Pompeius,
537 1814 575 1875 ut
607 1831 715 1874 coram
747 1830 784 1874 eo
817 1807 856 1872 dc
883 1809 1085 1874 successione

127 1900 369 1984 provinciamm
383 1902 546 1984 ageretur3
564 1919 640 1962 nam
656 1896 837 1963 Ariminum
851 1897 893 1961 ad
911 1898 1085 1963 exereitum

126 1986 302 2072 Pompeius
329 1991 399 2052 erat
424 1988 543 2071 iturus,
569 1990 603 2051 ct
630 1986 740 2050 statim
766 1985 813 2049 iit.
863 1984 947 2049 Puto
975 1984 1087 2050 Idibus

129 2075 216 2142 Sext.
240 2075 279 2140 de
302 2097 341 2140 ee
362 2097 397 2140 rc
420 2079 528 2140 actum
551 2075 600 2139 iri.
636 2073 785 2138 Profecto
809 2076 866 2138 eut
887 2073 1087 2158 transigetur

128 2165 253 2247 aliquid
285 2168 350 2230 eut
373 2165 511 2248 turpiter
547 2160 775 2244 intercedetur3
807 2181 883 2226 nam
914 2161 949 2225 in
979 2161 1086 2245 dispu-

129 2253 233 2317 tando
260 2253 397 2319 coniecit
422 2253 512 2317 illem
539 2272 651 2318 vocem
678 2248 735 2316 (ln.
761 2249 948 2334 Pompeius,
975 2269 1086 2314 omnes

130 2343 281 2426 oportere
304 2342 431 2406 senatui
460 2341 546 2406 dioto
569 2341 736 2406 audientes
760 2359 838 2404 esse.
882 2337 954 2424 IIgo
977 2342 1086 2402 tamen

130 2431 177 2494 sio
200 2429 282 2494 nihil
305 2433 465 2515 exspecto,
487 2430 647 2514 quomodo
666 2428 824 2512 Paullum,
847 2428 1012 2492 consulem
1035 2427 1087 2492 de·

130 2513 1123 2693 diuiditillita§diligirdimtpdlilll⁵

130 2699 163 2759 te
186 2696 368 2782 intelligere
395 2717 467 2761 eam
493 2717 561 2760 rem
588 2695 629 2758 ad
656 2715 707 2758 me
730 2694 822 2759 valde
849 2695 1009 2778 pertinere
1032 2715 1089 2776 -ς

130 2784 210 2848 item
233 2784 275 2848 de
296 2784 476 2868 pantheris,
504 2787 543 2849 ut
564 2781 733 2868 Cibyratas
761 2803 902 2847 arcessas
926 2801 1089 2866 curesque,

131 2876 169 2936 ut
195 2872 276 2938 milri
308 2873 482 2955 vehantur3
513 2876 679 2956 praeterea
705 2871 891 2936 nuntiatum
921 2870 1016 2935 nobis
1047 2873 1092 2934 cst

132 2965 166 3024 et
201 2981 260 3044 pro
300 2965 387 3026 certo
419 2963 484 3026 iam
520 2961 658 3026 habetur
693 2979 803 3045 regem
834 2957 1090 3023 Alexandrinum

132 3053 310 3114 mortuum:
349 3051 425 3138 quid
460 3047 540 3114 milri
572 3048 720 3133 suadeas,
756 3047 916 3132 quomodo
952 3067 1090 3132 regnum

133 3136 218 3291 1111111)
235 3159 270 3202 se
293 3137 426 3292 hfibegg,
448 3137 520 3222 quis
542 3140 701 3221 procuret,
724 3136 896 3222 diligenter
917 3135 997 3199 mihi
1019 3153 1090 3218 per·

133 3226 196 3290 scri
218 3247 264 3291 as.
342 3275 349 3291 .
413 3230 457 3290 rt.

204 3381 257 3452 Ep.
272 3390 297 3450 4,
312 3389 337 3437 4.
365 3397 418 3452 qao
437 3385 607 3454 appeteretur
626 3381 692 3451 (ld).
729 3381 820 3450 quoad
833 3384 888 3448 pet.
908 3375 1039 3444 Clericus,
1057 3377 1089 3432 B.

134 3483 167 3492 -
188 3451 281 3523 Quam
303 3453 359 3522 (vel
379 3453 455 3524 Quae
472 3457 566 3523 wem)
589 3457 655 3508 esso
672 3454 711 3506 ia·
727 3451 823 3506 Gellia
846 3449 984 3519 (111)(-
1007 3449 1090 3502 iater-

133 3529 247 3592 ropotus
265 3524 299 3579 dc
321 3524 388 3594 (n).
429 3525 448 3579 i.
468 3529 507 3579 est
529 3525 562 3578 de
579 3523 624 3590 Ia,
643 3522 688 3577 W.
714 3522 795 3589 clim,
817 3521 848 3574 B.
875 3549 909 3563 ι»
936 3519 985 3574 tec
1002 3523 1041 3573 est
1057 3519 1092 3574 de

132 3595 284 3663 prouinciis
303 3595 370 3666 (Md.
407 3594 467 3666 [hoc
487 3635 509 3650 ..
525 3593 584 3665 pa]
603 3593 678 3663 Era,
696 3593 727 3646 Β.
