2636 3986
398 904 508 961 LIBER
527 905 682 962 TERTIUS
701 905 867 963 DECIMUS.

250 1011 666 1099 ro.'o.MnMM1nM
697 1032 760 1099 nr
788 1031 1020 1102 serenos.

619 1209 646 1274 Ι.

233 1328 291 1386 Ser.
310 1329 428 1384 Athenis
446 1328 560 1386 ineunte
578 1346 672 1386 mense
691 1329 826 1396 Quinotili
844 1347 869 1386 a.
888 1349 915 1387 u.
933 1349 957 1387 o.
976 1337 1037 1388 103.

378 1471 414 1524 M.
434 1469 561 1526 CICERO
582 1472 608 1526 S.
626 1471 660 1526 D.
680 1471 708 1526 0.
727 1471 885 1528 MEMMIO.

222 1577 296 1644 Etsi
317 1599 387 1643 non
414 1579 491 1644 setis
521 1581 601 1644 mihi
630 1581 832 1665 constiterat,
863 1603 936 1646 oum
964 1583 1146 1668 eliqusner

156 1668 257 1732 enimi
284 1666 348 1732 mei
374 1668 522 1733 molestia
549 1691 591 1732 an
620 1670 728 1752 potius
754 1669 893 1734 libenter
919 1673 951 1734 te
974 1670 1113 1737 Athenis

156 1756 284 1822 visurus
308 1777 420 1840 essem,
443 1756 529 1840 quod
551 1757 678 1842 iniuria,
701 1779 797 1841 quem
820 1759 980 1843 accepisti,
1003 1759 1113 1825 dolore

157 1866 209 1909 me
232 1844 387 1929 efficeret,
417 1844 576 1928 sapientie
597 1847 668 1928 tua,
691 1867 754 1929 qua
776 1845 841 1910 fers
863 1847 1027 1931 iniuriam,
1049 1849 1113 1912 lae·

157 1933 239 2018 titia,
261 1936 371 1997 tomen
393 1932 510 1998 vidisse
532 1936 564 1998 te
586 1933 730 2016 mellem3
751 1955 844 2018 nam,
866 1935 953 2018 quod
975 1938 1025 2000 est
1046 1958 1113 2000 mo·

157 2022 283 2106 lestiee,
309 2043 377 2086 non
405 2042 482 2086 sene
509 2022 612 2086 multo
639 2021 741 2086 levius
769 2025 831 2106 est,
860 2043 959 2106 quum
985 2026 1018 2088 te
1045 2044 1114 2089 non

157 2110 264 2194 video,
287 2109 372 2194 quod
400 2131 469 2174 esse
491 2110 599 2195 potuit
620 2111 809 2195 voluptate,
836 2113 935 2195 certe,
963 2111 991 2176 si
1018 2112 1113 2176 vidis·

159 2219 226 2263 sem
243 2202 286 2283 te,
304 2199 377 2283 plns
395 2198 519 2263 fuisset.
553 2197 668 2282 Itaque
686 2219 754 2262 non
770 2198 925 2264 dubitabo
947 2199 1023 2265 dere
1038 2222 1111 2284 ope-

157 2309 241 2371 ram,
262 2290 301 2350 ut
321 2289 354 2351 te
376 2286 518 2373 rideam,
541 2309 641 2372 quum
661 2286 696 2351 id
719 2287 797 2352 satis
819 2288 986 2354 commode
1008 2289 1113 2353 facere

120 2373 124 2384 '
158 2379 285 2460 potero:
312 2375 449 2460 interea,
476 2377 562 2460 quod
584 2397 643 2460 per
664 2376 788 2440 litteras
811 2378 844 2441 et
866 2375 921 2462 egi
942 2379 1050 2441 tecum
1073 2382 1113 2461 et,

102 2489 105 2496 ·
158 2467 196 2528 ut
218 2463 370 2547 arbitror,
393 2464 508 2529 confici
530 2467 652 2549 potest,
674 2485 778 2550 egem.
822 2463 872 2529 Ao
893 2469 924 2530 te
946 2464 1027 2529 illud
1049 2465 1113 2550 pri·
1132 2477 1147 2524 2

157 2575 248 2617 mum
269 2552 402 2638 rogabo,
424 2574 465 2618 ne
489 2554 565 2637 quid
582 2554 703 2618 invitus
721 2574 794 2617 mee
811 2573 908 2617 causa
925 2554 1035 2638 facias,
1058 2554 1114 2618 sed

158 2640 202 2724 id,
224 2640 309 2725 quod
331 2662 403 2705 mea
420 2641 581 2727 intelliges
600 2644 747 2724 multum,
768 2644 826 2707 tua
842 2643 965 2706 nullam
985 2644 1019 2707 in
1041 2664 1113 2728 par·

158 2731 226 2794 tem
247 2730 415 2814 interesse,
442 2729 489 2794 ita
515 2730 595 2794 mihi
618 2730 687 2814 des,
716 2729 839 2813 si'tibi,
861 2733 899 2793 ut
920 2729 954 2794 id
975 2730 1114 2796 libenter

158 2818 273 2902 facies,
308 2821 384 2882 ente
415 2819 620 2903 persuaseris.
674 2816 755 2882 Oum
785 2816 926 2882 Patrone
960 2817 1112 2903 Epicurio

158 2906 239 2971 mihi
267 2907 376 2971 omnia
403 2909 492 2992 sunt,
522 2907 586 2972 nisi
614 2907 699 2990 quod
725 2907 761 2970 in
787 2905 994 2991 philosophie
1020 2908 1113 2972 vehe-

157 2997 285 3060 menter
307 2994 348 3059 eb
372 3017 409 3060 eo
433 2995 601 3079 dissentio3
624 2995 679 3060 sed
703 2999 736 3058 et
752 2995 845 3066 initio
860 2993 991 3078 Romae,
1015 3017 1114 3079 quum

157 3087 191 3148 te
214 3105 341 3168 quoque
365 3086 397 3147 et
418 3087 493 3150 tuos
516 3105 627 3149 omnes
651 3082 856 3168 observabat,
882 3105 933 3148 me
957 3084 1056 3148 coluit
1078 3083 1114 3146 in

158 3172 271 3256 primis
303 3175 336 3237 et
366 3193 483 3257 nuper,
515 3195 613 3256 quum
645 3193 696 3256 ea,
727 3193 808 3257 ques
830 3172 947 3256 voluit,
979 3171 1017 3235 de
1047 3171 1113 3235 suis

230 3399 281 3470 Ep.
298 3406 322 3470 1,
338 3397 367 3454 1?
388 3399 488 3454 vidisse
501 3404 526 3452 te
540 3400 595 3466 (M,
609 3400 714 3469 vulgo).
750 3400 875 3454 vidissem
888 3404 914 3452 te
926 3399 957 3453 B.
973 3430 1006 3439 -
1024 3415 1111 3469 apere.

158 3469 202 3524 Ao
220 3470 315 3540 (Son).
351 3489 377 3525 a.
395 3487 478 3525 eene.
505 3471 548 3524 Ao
566 3469 629 3524 ΜΒ.
667 3476 691 3523 2.
719 3471 889 3524 omniorum
903 3470 970 3540 (M).
1007 3485 1031 3524 o.
1045 3487 1113 3525 com·

158 3541 256 3595 monia
273 3557 294 3596 s.
313 3540 398 3609 Orat,
415 3541 446 3595 B.
