2636 3986
249 243 315 308 462
534 245 571 299 Μ.
591 243 715 300 TULLII
732 242 924 299 CICERONIS

250 392 283 454 et
305 410 426 474 magua
448 409 521 454 eum
547 391 605 452 tua
631 388 726 452 laude
749 391 863 452 notum
886 391 948 470 est,
974 388 1069 453 nobis
1098 394 1214 454 autem

249 477 284 542 in
306 477 368 541 hae
391 499 489 542 eausa
510 475 593 540 nihil
616 476 703 540 aliud
726 497 807 560 opus
829 479 880 540 est
902 477 965 540 nisi
986 481 1019 541 te
1042 477 1093 541 ius
1115 478 1216 542 insti-

249 569 320 630 tuto
343 568 400 631 tuo
425 565 542 646 dicere3
570 563 625 628 sed
647 567 771 646 tamen,
800 585 899 648 quum
921 578 1069 629 menon
1091 565 1215 651 fugiat,

250 657 373 737 quanta
400 654 443 718 sit
469 654 504 716 in
535 656 684 737 praetore
717 653 905 736 auctoritas,
931 654 1121 736 praesertim
1144 655 1215 718 ista

248 743 451 828 integritate,
470 736 651 826 gravitate,
674 741 856 824 elementia,
883 762 948 824 qua
974 745 1007 805 te
1031 763 1100 806 esse
1121 742 1216 806 inter

250 851 361 895 omnes
384 833 525 912 constat,
546 833 623 914 peto
651 830 708 893 ahs
735 833 768 892 te
790 851 849 913 pro
871 833 986 894 nostra
1013 831 1214 895 coniunctis-

250 919 332 984 sima
358 917 594 984 necessitudine
621 918 832 1002 plurimisque
863 917 978 982 officiis
1009 919 1142 1002 paribus
1171 942 1212 983 aa

249 1007 383 1092 mutuis,
415 1011 452 1072 ut
484 1008 665 1090 voluntate,
692 1006 897 1090 auctoritate,
926 1006 1033 1071 studio
1056 1010 1113 1072 tuo
1136 1029 1212 1091 per·

250 1095 353 1180 ficies,
378 1099 416 1160 ut
438 1095 482 1160 Μ.
504 1095 651 1160 Anneius
677 1094 840 1180 intelligat
865 1098 899 1158 te
927 1103 961 1159 et
983 1095 1045 1159 sibi
1068 1095 1212 1160 amioum

154 1180 159 1188 '
251 1205 334 1268 esse,
361 1184 447 1268 quod
469 1205 537 1250 non
564 1183 692 1248 dubitat
715 1219 757 1230 —-
781 1205 875 1268 saepe
898 1183 984 1248 enim
1011 1204 1137 1248 meeum
1161 1185 1210 1248 lo-

251 1276 343 1337 eutus
367 1276 417 1336 est
438 1309 494 1357 -,
517 1275 550 1336 et
571 1273 674 1336 multo
703 1272 885 1336 amioiorem
907 1271 959 1336 his
981 1271 1062 1336 meis
1089 1273 1210 1336 litteris

252 1381 321 1424 esse
344 1360 475 1426 factum.
520 1359 560 1425 In
582 1364 639 1425 tuo
666 1363 736 1426 toto
759 1360 893 1444 impen'o
921 1362 1018 1444 atque
1039 1361 1210 1444 provincia

250 1448 333 1512 nihil
366 1452 428 1530 est,
460 1449 545 1532 quod
577 1449 658 1514 mihi
686 1449 810 1534 gratius
836 1448 941 1512 faeere
971 1449 1090 1532 possis3
1120 1471 1209 1531 nam,

252 1535 337 1620 apud
359 1537 476 1620 ipsum,
499 1537 719 1622 gratissimum
741 1537 906 1602 hominem
929 1540 1025 1621 atque
1048 1537 1208 1620 optimum

183 1684 193 1692 .
251 1625 369 1707 virum,
397 1646 493 1708 quam
516 1625 597 1689 bene
620 1625 784 1709 positurus
814 1626 857 1690 sis
881 1624 1022 1690 studium
1043 1629 1136 1690 tuum
1160 1630 1206 1690 et·

252 1734 313 1797 que
337 1712 488 1798 officium,
510 1712 656 1778 dubitare
679 1716 711 1777 te
734 1735 803 1778 non
824 1713 980 1778 existimo

687 1906 771 1972 uvi.
966 1990 968 1994 ⁸

511 2018 569 2074 Ser.
586 2019 617 2074 in
635 2019 734 2073 Cilicia
752 2035 776 2072 a.
795 2037 822 2072 u.
841 2035 864 2072 e.
885 2023 944 2074 we.

459 2105 587 2198 emeno
606 2142 759 2197 ueneno
777 2141 905 2197 auom.
926 2141 996 2200 suu

217 2257 233 2307 ι
318 2241 450 2308 Cluvius
468 2242 665 2308 Puteolanus
688 2242 780 2306 valde
803 2264 854 2306 me
877 2241 1027 2306 observat
1050 2241 1207 2325 valdeque

252 2335 302 2397 est
324 2332 404 2396 mihi
425 2332 607 2396 familiaris:
634 2332 662 2395 is
689 2332 736 2396 ita
763 2330 824 2394 sibi
846 2331 1031 2414 persuadet,
1057 2331 1143 2414 quod
1170 2331 1207 2394 in

252 2423 310 2484 tua
336 2420 502 2503 provincia
533 2419 656 2504 negotii
686 2418 819 2501 habeat,
849 2418 913 2482 nisi
943 2428 976 2482 te
1006 2419 1206 2503 provinciam

253 2506 419 2571 obtinente
446 2507 525 2570 meis
548 2506 879 2571 commendationibus
902 2506 1088 2591 confecerit,
1116 2506 1149 2571 id
1170 2529 1206 2571 se

252 2595 288 2659 in
309 2595 442 2679 perditis
466 2598 498 2658 et
520 2594 696 2679 desperatis
712 2595 913 2676 habiturum3
935 2616 1031 2679 nune,
1054 2594 1206 2679 quoniam

252 2683 332 2748 mihi
359 2684 400 2748 ab
428 2682 530 2748 amieo
559 2682 793 2749 officiosissimo
820 2686 949 2747 tentum
976 2683 1083 2747 oneris
1106 2684 1205 2766 impo-

252 2773 354 2856 nitur,
385 2793 445 2859 ego
478 2793 604 2856 quoque
636 2772 697 2836 tibi
723 2773 889 2856 imponam
914 2792 974 2855 pro
1001 2772 1067 2836 tuis
1094 2772 1128 2835 in
1155 2793 1205 2835 me

253 2861 386 2926 summis
413 2861 540 2945 officiis,
562 2862 609 2926 ita
630 2864 754 2944 tamen,
781 2863 818 2923 ut
843 2859 904 2923 tibi
926 2859 1028 2922 nolim
1050 2859 1205 2926 molestus

253 2969 331 3014 esse.
382 2952 555 3025 Μυλασεϊς
585 2952 618 3013 et
643 2943 856 3030 Ἀλαβανὸεῑς
886 2947 1056 3031 pecuniam
1093 2946 1205 3013 Cluvio

253 3036 393 3102 debentt·
416 3036 540 3101 dixerat
570 3036 650 3102 mihi
682 3036 918 3120 Euthydemus,
954 3056 1053 3118 quum
1084 3035 1207 3121 Ephesi

254 3148 365 3211 essem,
388 3147 421 3190 se
444 3128 639 3210 curaturum,
660 3129 698 3190 ut
716 3124 815 3189 eodioi
832 3122 961 3208 Mylasii
978 3123 1117 3188 Romam
1135 3124 1205 3188 mit·

253 3219 410 3299 serentur,
436 3214 469 3279 id
491 3214 614 3278 factum
636 3216 788 3278 nonest:
815 3213 940 3296 legatos
969 3212 1064 3277 audio
1092 3213 1205 3278 missos

323 3371 375 3441 Ep.
395 3377 437 3440 55,
452 3377 476 3426 2.
510 3371 614 3440 poesim
635 3386 714 3436 uam,
737 3370 813 3437 apud
830 3371 934 3437 ipsum,
956 3385 996 3437 yr.
1017 3410 1041 3422 ..
1060 3371 1163 3436 virum,
1180 3385 1204 3438 q.

255 3441 329 3508 (W.).
370 3459 418 3510 p:
439 3459 505 3496 oum
523 3459 549 3494 a.
568 3442 586 3494 i.
605 3456 646 3508 pr.
667 3479 690 3492 ..
709 3442 854 3508 utrumq.
878 3439 907 3492 B.
954 3439 1004 3508 Ep.
1025 3446 1067 3506 66,
1085 3446 1106 3494 1.
1144 3443 1205 3494 Mu·

254 3513 354 3635 mpla}
369 3506 588 3634 ᾔὲλαβανδεϊς
611 3509 666 3577 (W.
686 3525 720 3562 ex
739 3508 784 3563 Or.
805 3508 895 3578 coni).
948 3510 1069 3580 Mylasis
1092 3517 1118 3565 et
1140 3511 1204 3564 Alu-
