2610 3980
314 177 575 240 EPIS'POLARUM
592 177 639 235 IV.
661 184 773 235 10-12.
961 178 1023 242 ill

105 319 215 384 secunda
234 322 363 398 fortuna
390 323 560 408 quisquam
582 323 689 390 vivere
710 325 827 409 possit:
853 323 963 407 itaque
988 322 1025 387 in

103 401 161 508 ¹¹⁰9.
175 429 227 494 ogo
252 411 330 476 mihi
358 413 516 498 gratu1013
547 415 584 478 tu
611 433 686 479 vero
714 415 752 477 ut
777 411 940 496 intelligas
967 410 1025 476 ho·

103 499 364 656 &aamgeaiisegimo
387 504 421 567 te
443 501 594 568 tribuisse
617 501 774 587 officium,
795 521 830 567 re
852 500 913 594 tibi
933 520 1025 585 prae·

510 783 584 850 XII.

217 891 272 950 Sor.
292 894 411 950 Athenis
429 911 470 966 pr.
489 894 551 950 Kal.
571 896 666 952 Iuniae
684 911 710 951 a.
728 913 755 950 u.
774 913 798 951 c.
819 901 878 953 ¹109.

264 991 418 1074 scamus
438 1017 608 1076 moaaom
627 1019 702 1076 sm.
725 1019 830 1074 Paua.

148 1110 211 1182 Etsi
231 1120 298 1185 seio
321 1140 390 1185 non
407 1119 673 1186 iucundissimum
691 1141 742 1185 me
760 1119 912 1185 nuntium
933 1118 1025 1185 vobis
1045 1133 1060 1183 1

98 1199 252 1292 allaturum,
269 1211 389 1292 tamen,
409 1209 562 1292 quoniam
580 1229 674 1274 casus
693 1211 726 1274 et
743 1212 861 1274 natura
878 1209 913 1272 in
931 1207 1026 1273 nobie

98 1286 288 1382 dominantur,
310 1296 416 1362 visum
435 1301 484 1363 est
500 1297 693 1383 faciendum,
715 1301 761 1383 ut,
784 1297 1026 1382 quoquomodo

96 1397 133 1442 res
160 1403 190 1447 se
218 1383 367 1470 haberet,
397 1407 455 1451 vos
487 1385 639 1452 certiores
669 1387 818 1452 facerem.
862 1385 901 1451 A.
934 1386 963 1451 d.
992 1399 1026 1449 n.

96 1462 151 1560 Kal.
173 1469 253 1559 Iun,
281 1496 382 1559 quum
409 1473 449 1538 ab
476 1473 643 1559 Epidauro
669 1473 838 1542 Piraeeum
869 1475 945 1540 navi
972 1473 1026 1538 ad·

96 1559 183 1624 rectus
204 1583 317 1648 essem,
339 1563 386 1627 ibi
405 1561 454 1628 M.
471 1561 669 1648 Marcellum,
691 1564 848 1649 collegam
870 1567 1028 1646 nostrum,

95 1649 207 1714 conveni
238 1673 375 1736 eumque
403 1650 487 1716 diem
517 1651 565 1716 ibi
596 1652 794 1737 consumpsi,
824 1656 863 1716 ut
888 1671 962 1718 cum
989 1672 1027 1716 eo

95 1750 183 1802 essem.
226 1737 363 1806 Postero
391 1739 581 1825 die,⁸quum
609 1741 711 1807 abeo
740 1741 902 1826 digressus
925 1760 1028 1806 essem

95 1839 122 1884 eo
141 1827 283 1913 coneilio,
305 1831 343 1892 ut
370 1829 411 1894 ab
434 1828 572 1893 Athenis
599 1829 635 1893 in
657 1827 828 1895 Boeotiam
854 1829 934 1894 irem
956 1827 1028 1893 reli-

95 1927 229 2000 quamque
252 1917 509 1983 iurisdictionem
527 1917 734 2003 absolverem,
756 1919 819 2001 ille,
841 1917 890 1982 uti
913 1915 1029 1998 aiebat,

93 2016 172 2082 supra
195 2003 320 2071 Maleas
343 2005 383 2070 in
409 2004 538 2070 Italiam
564 2027 676 2071 versus
707 2006 919 2090 navigaturus
951 2006 1028 2068 erat.

93 2080 156 2153 Post
175 2091 258 2160 diem
280 2093 414 2160 tertium
437 2095 504 2159 eius
523 2094 595 2179 diei,
617 2115 717 2179 quum
735 2093 775 2158 ab
794 2091 933 2156 Athenis
956 2111 1028 2175 pro·
1048 2105 1064 2153 2

91 2171 173 2243 ficisci
183 2181 219 2246 in
232 2182 344 2250 animo
362 2182 523 2267 haberem,
541 2183 666 2248 circiter
683 2182 766 2248 hora
783 2181 906 2247 decima
923 2180 1029 2246 noctis

92 2258 118 2324 P·
135 2263 330 2356 Postumius,
352 2271 520 2337 familiaris
543 2271 625 2356 eius,
647 2271 688 2335 ad
710 2292 761 2336 me
784 2271 874 2335 venit
896 2272 928 2333 et
950 2268 1030 2333 mihi

91 2357 235 2424 nmtiavit
266 2358 312 2424 M.
343 2358 544 2444 Marcellum,
576 2361 734 2445 collegam
763 2362 925 2442 nostrum,
955 2361 1030 2443 post

92 2458 191 2511 coenae
217 2452 348 2532 tempus
375 2471 395 2512 a
420 2446 456 2513 P.
482 2447 592 2534 Magio
621 2446 746 2532 Cilone,
772 2447 924 2512 familiari
953 2447 1030 2530 eius,

91 2533 213 2616 pugione
241 2557 432 2622 percussum
459 2557 527 2602 esse
555 2540 588 2601 et
610 2537 673 2602 duo
700 2537 835 2602 vulnera
862 2536 1030 2619 accepisse,

91 2637 175 2687 unum
204 2625 241 2690 in
274 2625 455 2710 stomacho,
487 2626 624 2690 alterum
655 2625 691 2688 in
722 2625 827 2708 eapite
855 2624 1031 2689 secundum

91 2725 196 2796 aurem3
224 2714 349 2798 sperari
375 2717 485 2778 tamen
512 2735 586 2778 eum
613 2714 719 2779 vivere
746 2734 854 2797 posse3
885 2711 1032 2797 Magium

91 2813 117 2856 se
135 2799 237 2883 ipsum
260 2802 460 2866 interfecisse
483 2805 609 2886 postea,
636 2822 670 2867 se
694 2823 714 2865 a
735 2800 888 2866 Marcello
917 2800 957 2865 od
980 2820 1031 2864 me

90 2884 207 2954 missum
226 2912 312 2976 esse,
335 2891 390 2975 qui
407 2890 488 2956 haec
505 2891 671 2956 nuntiaret
689 2893 722 2954 et
738 2892 878 2976 rogaret,
899 2890 948 2952 uti
966 2909 1031 2953 me·

91 2969 163 3042 dicos
193 2998 337 3062 cogerem.
383 2976 482 3064 (io‘o'gi
513 2983 546 3044 et
573 2978 753 3062 evestigio
785 2999 823 3045 eo
856 2999 928 3043 sum
959 2998 1031 3060 pro·

147 3168 302 3242 Ep.12,1.
340 3171 519 3226 deminuatur
537 3169 598 3240 (L).
639 3171 797 3226 dominatur
815 3169 867 3237 M.,
884 3168 978 3236 vulgo.
998 3195 1032 3207 -

90 3232 245 3310 sodomam,
264 3246 309 3308 at,
332 3257 438 3310 quoquo
534 3241 650 3308 facerem
673 3240 828 3310 (Mart-L).
877 3238 908 3306 f,
927 3252 1033 3307 quoquo

90 3343 123 3388 ·3·
139 3311 260 3380 meaa,
282 3316 315 3368 at
334 3354 358 3366 ..
378 3315 493 3379 facerem
516 3311 603 3382 (W.)?
648 3312 683 3379 f,
701 3328 726 3381 q.
806 3310 896 3377 faeere
917 3308 954 3362 M.
980 3307 1033 3378 [fa-

90 3383 223 3449 oman,
242 3399 267 3453 q.
281 3384 428 3450 ...fucere
446 3383 477 3438 1..
492 3383 572 3452 conj,
582 3382 612 3437 B.
634 3414 666 3424 -
686 3384 729 3436 ati
747 3381 838 3436 aiebat
857 3379 929 3447 (edd.
943 3381 1032 3448 vett).

90 3450 180 3508 utebar
229 3496 236 3508 .
273 3459 305 3510 at
323 3455 415 3509 aiebat
432 3452 462 3508 B.
482 3483 516 3494 -
535 3470 616 3524 saper
636 3453 759 3509 Maleam
778 3451 862 3521 (W.)?
900 3457 924 3506 2.
952 3451 1033 3518 sumi-

89 3517 145 3577 tiara·
162 3524 268 3594 (Crat).
304 3525 446 3594 familiare
464 3524 528 3579 ΜΒ.
