2578 3978
241 216 284 281 32
524 219 560 272 M.
579 218 704 272 TULLII
722 217 916 273 CICERONIS

240 383 348 446 posse,
381 361 436 445 qui
466 361 650 446 provinciae
686 362 819 446 praesit:
850 361 932 428 mihi
962 383 1031 428 non
1061 365 1129 426 tem
1159 362 1198 427 de

241 451 309 514 iure
333 453 456 514 certum
478 453 528 514 est
550 485 592 497 -
616 471 811 534 quemquam
833 471 874 515 ne
897 450 931 514 id
954 451 1083 534 quidem
1105 451 1199 516 valde

242 539 375 606 dubium
396 542 447 604 est
469 571 511 586 -
535 559 632 622 quam
653 539 747 621 illud,
774 539 815 602 ad
836 542 928 602 tuam
951 559 1109 603 summam
1132 560 1200 602 sm-

240 626 446 712 plitudinem,
482 627 688 711 dignitatem,
722 627 921 710 libertatem,
962 649 1026 710 qua
1061 631 1095 690 te
1132 629 1200 692 seio

240 715 451 782 libentissime
473 713 539 778 frui
561 716 672 798 solere,
694 715 855 798 pertinere
874 719 908 778 tc
931 715 1000 778 sine
1019 715 1086 780 ullu
1108 735 1201 780 mora

241 805 440 888 provinciam
467 803 643 868 successori
669 802 856 888 concedere,
883 803 1072 887 praesertim
1098 823 1202 886 quum

238 892 312 956 sine
342 892 524 975 suspicione
552 895 629 955 tuae
660 891 844 974 cupiditatis
875 911 945 955 non
975 891 1080 975 pessis
1112 891 1201 956 illius

241 979 451 1062 cupiditatem
488 980 644 1062 refutare3
680 999 743 1064 ego
772 982 944 1063 utrumque
976 999 1088 1044 *meum
1119 984 1201 1062 puto

242 1089 323 1151 csse,
349 1071 396 1151 et,
419 1067 496 1152 qnid
519 1069 670 1150 sentiam,
697 1067 865 1132 ostendere
888 1070 934 1151 et,
963 1067 1050 1151 qnod
1075 1067 1202 1152 leceris,

242 1155 421 1222 defendere.

189 1256 223 1305 26
309 1243 527 1328 Scriptorum
553 1245 691 1346 epistole
719 1244 882 1327 superiore
910 1243 1020 1328 accepi
1045 1247 1138 1309 tues
1148 1245 1201 1308 lit

240 1337 327 1396 teras
345 1332 385 1396 dc
403 1332 628 1415 publicanis,
614 1353 651 1396 aa
669 1330 786 1414 quibus
803 1333 999 1416 aequitatem
1018 1335 1110 1396 tuam
1132 1351 1203 1397 non

241 1420 334 1503 potui
355 1439 424 1484 non
450 1421 600 1503 probere3
626 1419 807 1498 tfelicitete
834 1440 854 1484 a
877 1419 954 1504 quid
981 1421 1097 1484 vellem
1122 1441 1202 1485 con·

241 1508 332 1590 sequi
354 1507 528 1590 potuisses,
554 1529 596 1572 ne
623 1507 692 1570 eius
714 1507 849 1590 ordinis,
877 1529 973 1592 quem
1001 1527 1128 1591 semper
1150 1529 1202 1572 or-

240 1595 340 1678 nasti,
377 1617 445 1658 rem
477 1598 535 1659 aut
567 1596 768 1659 voluntatem
800 1558 986 1660 off'endercs.
1040 1593 1203 1679 Equidem

241 1704 309 1748 non
332 1683 477 1748 desinam
498 1687 557 1746 tua
579 1683 708 1747 decreta
729 1683 913 1768 defendere,
936 1684 992 1748 scd
1014 1685 1102 1748 nosti
1125 1705 1202 1749 con·

242 1771 445 1836 suetudinem
471 1770 652 1835 hominum:
682 1771 757 1854 scis,
785 1793 881 1856 quam
909 1773 1051 1857 graviter
1076 1773 1211 1840 inimici

241 1859 305 1942 ipsi
323 1859 370 1923 illi
385 1857 421 1934 Q.
436 1857 607 1924 Scaevolae
625 1859 759 1942 fuerint3
781 1859 842 1923 tibi
860 1863 970 1926 tamen
988 1879 1060 1924 sum
1078 1863 1203 1944 auctor,
1281 1923 1282 1946 ξ

241 1951 291 2030 ut,
319 1947 347 2012 si
374 1947 490 2030 quibus
516 1947 612 2012 rebus
635 1948 753 2031 possis,
781 1969 855 2011 eum
881 1949 942 2012 tibi
970 1948 1116 2012 ordinem
1145 1953 1204 2012 aut
1281 1959 1282 1965 ’

241 2035 428 2100 reconcilies
451 2039 509 2100 aut
534 2036 676 2120 mitiges:
702 2035 736 2099 id
763 2036 825 2099 etsi
848 2035 978 2102 difficile
1001 2039 1063 2120 cst,
1089 2042 1204 2101 tamen

241 2123 321 2188 mihi
344 2124 470 2188 videtur
493 2145 561 2189 esse
583 2123 774 2208 prudentiae
795 2127 880 2188 tuae.

700 2331 740 2398 X.

384 2443 441 2498 Sor.
461 2443 566 2498 Romae
584 2459 679 2498 mense
697 2443 845 2500 Decembri
863 2461 888 2498 a.
907 2462 933 2498 u.
953 2463 976 2500 c.
997 2452 1056 2500 700.

301 2567 339 2622 M.
358 2565 485 2622 CICERO
505 2565 532 2621 S.
550 2566 584 2620 D.
603 2565 634 2621 b.
653 2567 814 2622 VALERIO
832 2566 1137 2636 IURISCONSUL‘PQ

309 2687 366 2730 eur
389 2665 475 2729 enim
500 2665 561 2730 tibi
583 2665 646 2730 hoc
668 2687 737 2730 non
759 2666 934 2752 gratificer,
963 2667 1086 2752 nescio,
1109 2689 1203 2751 prae·
1279 2713 1280 2718 κ

243 2755 353 2818 sertim
377 2776 476 2838 quum
498 2753 549 2818 his
578 2754 778 2838 temporibus
801 2754 936 2824 audacia
958 2767 1016 2838 pro
1041 2755 1205 2838 sapientia

242 2842 338 2906 liccat
359 2843 416 2906 uti.
461 2841 599 2906 Lentulo
621 2845 734 2907 nostro
758 2842 811 2927 egi
832 2863 890 2925 per
914 2844 1039 2906 litteras
1062 2847 1120 2909 tuo
1144 2865 1204 2910 no·

242 2930 329 2993 mine
357 2930 478 3015 gratias
501 2929 685 3015 diligentem
713 2931 767 2993 sed
795 2935 831 2994 tu
860 2931 956 2995 velim
978 2931 1106 2996 desinas
1136 2933 1205 2996 iam

243 3018 362 3083 nostris
385 3017 501 3082 litteris
528 3019 576 3082 uti
604 3021 637 3081 et
663 3039 723 3082 nos
746 3018 920 3101 aliquando
946 3015 1070 3084 revises
1096 3023 1130 3084 et
1157 3021 1205 3086 ibi
1278 3099 1279 3102 Ἴ

243 3106 336 3170 malis
360 3127 442 3190 esse,
464 3105 520 3170 ubi
544 3106 651 3189 aliquo
675 3127 809 3170 numero
832 3107 890 3190 sis,
917 3129 1014 3191 quam
1035 3107 1124 3191 istic,
1147 3109 1206 3173 ubi
1278 3107 1279 3112 ’

313 3331 365 3402 Ep.
385 3338 468 3399 9‚.26
488 3332 702 3457 tvelocitates
761 3332 838 3388 dio.
863 3333 972 3402 (ΜΨ.)
1012 3334 1058 3400 fel.
1081 3337 1205 3404 quodum

245 3351 357 3469 (tiron,
371 3403 428 3470 W.)
451 3403 501 3457 aut
526 3403 572 3469 sel.
633 3348 829 3470 edantqffl'uic..
871 3405 916 3458 An
937 3404 1073 3471 factitata
1133 3407 1206 3461 idem

245 3473 299 3540 (bt,
310 3473 370 3542 Bt?
401 3473 453 3544 Ep
470 3479 511 3529 10.
540 3473 592 3528 ΠΙ
619 3403 802 3529 ISGONSUt
819 3446 883 3542 'T0,·
897 3474 1036 3545 cartW..)
1069 3475 1092 3530 Ι
1121 3475 1206 3533 RIS-

246 3514 460 3599 CONSULTO
499 3541 557 3600 Gar
574 3544 669 3617 vulgo
