2578 3978
153 201 191 254 n.
205 200 327 255 TULLII
340 199 538 256 CICERONIS
546 201 805 258 EPISTOLARUM
818 204 852 257 II.
869 211 946 258 1-3.
1002 203 1045 268 35

93 345 175 429 quod
187 367 237 410 me
254 345 315 409 tibi
332 344 517 429 praecipere
535 367 625 412 meus
643 345 840 412 incredibilis
858 349 894 414 in
906 352 939 413 to
954 371 1044 416 amor

93 435 188 519 cogit:
217 437 312 498 tanta
333 437 383 498 est
405 434 601 517 exspectatio
628 437 680 500 vel
707 436 808 500 animi
839 438 889 501 vel
920 439 1044 524 ingenii

93 526 145 606 tui,
166 526 203 586 ut
223 543 284 608 ego
307 525 341 587 te
364 522 532 588 obsecrare
556 523 773 609 obtestarique
799 546 869 590 non
891 526 1043 611 dubitem,

94 611 134 676 sio
151 612 192 675 ad
208 633 269 676 nos
287 610 497 677 confirmatus
514 615 684 697 revertare,
702 617 748 696 ut,
766 634 864 698 quam
882 619 1042 700 exspecta·

93 701 207 765 tionem
224 700 274 764 tui
292 699 473 783 concitasti,
490 699 576 765 hano
594 701 752 766 sustirmre
771 723 808 766 ac
826 703 910 768 tueri
928 704 1042 789 possis,

95 792 130 872 et,
151 789 303 872 quoniam
325 809 432 852 meem
453 793 584 854 tuorum
606 811 684 875 erga
701 813 753 856 me
771 791 959 858 meritorum
977 815 1041 856 me-

94 878 220 942 moriam
242 877 335 942 nulla
356 898 508 962 umquam
531 877 651 942 delebit
673 879 806 964 oblivio,
832 884 865 944 te
887 901 982 966 rogo,
1004 885 1042 948 ut

93 965 662 1139 dffifisbdlgllffdumquetffibi
685 969 883 1122 αοοθῗὶίίοηθε
905 970 986 1035 fient
1008 974 1041 1073 et

106 1075 122 1118 ο
256 1076 274 1119 e
461 1076 477 1118 s
508 1076 563 1118 eas
597 1077 699 1122 enon
740 1079 759 1123 ο
810 1080 860 1122 see
880 1080 976 1124 conse

92 1145 148 1208 nisi
168 1144 248 1208 meis
271 1164 352 1228 puer
374 1143 452 1208 olim
473 1104 668 1210 lidelissimis
691 1079 787 1229 adbuc
811 1082 1042 1212 amantissisdlild

93 1232 225 1296 consiliis
249 1232 419 1316 paruisses.
469 1229 574 1307 Quare
600 1233 664 1298 boo
691 1233 798 1300 animo
826 1234 862 1298 in
883 1257 945 1300 nos
972 1257 1040 1300 esse

93 1319 223 1405 debebis,
245 1323 284 1385 ut
306 1323 395 1384 aetas
413 1323 527 1386 nostra
543 1321 609 1386 iem
628 1322 856 1406 ingravescens
873 1325 910 1390 in
931 1346 1040 1390 amore

45 1410 49 1426 '
92 1413 180 1494 atque
201 1409 239 1474 iu
260 1407 478 1474 adolescentia
499 1411 558 1474 tua
580 1411 795 1496 conquiescat.

539 1603 581 1669 Π.

363 1715 420 1771 Sor.
438 1715 545 1771 Romae
564 1733 588 1771 a.
608 1735 635 1773 a
654 1734 677 1773 e.
698 1723 758 1774 ⁷01.

308 1838 346 1896 Π.
365 1838 494 1895 CICERO
514 1839 540 1896 S.
559 1840 593 1895 D.
612 1839 641 1896 Ο.
660 1839 816 1901 OURIONI

65 1939 74 1948 “
148 1937 247 2006 Gravi
269 1943 351 2005 teste
374 1941 520 2025 privatus
543 1963 615 2005 sum
638 1943 756 2008 amoris
775 1942 892 2006 summi
912 1947 1039 2030 ergata
1123 1981 1126 1990 ,

91 2031 154 2182 ἓξ,
175 2031 269 2182 pattre
292 2031 359 2113 tuo,
381 2029 559 2182 clperiefishimo
582 2030 661 2114 viro,
684 2030 741 2182 qu}
762 2052 861 2132 quum
883 2033 955 2184 sui}
971 2033 1039 2183 lrpu-

91 2140 217 2292 „dlf'e
230 2138 492 2292 {tillim
514 2139 973 2292 tffttltttltutt
995 2143 1039 2294 [t

91 2296 150 2360 vita
176 2295 356 2379 decederet;
390 2295 447 2360 sed
474 2316 568 2380 spero
598 2299 744 2361 nostram
771 2295 946 2360 amicitiam
971 2317 1039 2361 non

93 2405 177 2469 egere
198 2384 346 2449 testibus.
383 2383 458 2448 Tibi
479 2384 711 2468 patrimonium
729 2383 762 2449 di
783 2385 965 2450 fortunent:
987 2407 1039 2451 me

94 2475 174 2626 effi
184 2472 330 2646 {effla
347 2472 399 2538 oui
418 2475 451 2538 et
468 2493 561 2537 carue
581 2494 681 2557 aeque
700 2473 743 2538 sis
762 2475 795 2538 et
811 2473 979 2558 iucundus,
1001 2495 1040 2539 ao

533 2735 593 2802 111.

362 2847 418 2904 Ser.
438 2848 545 2904 Romae
564 2865 588 2904 a.
607 2867 634 2902 u.
653 2865 677 2903 c.
694 2855 753 2904 701.
802 2874 806 2880 ·

300 2972 339 3028 n.
359 2970 487 3028 CICERO
507 2973 534 3028 S.
552 2972 586 3027 D.
605 2972 634 3028 0.
653 2972 811 3029 CURIONI.

151 3069 259 3156 Rupae
282 3072 425 3138 studium
450 3095 520 3138 non
546 3073 649 3138 defuit
675 3073 940 3140 declarandorum
969 3097 1037 3139 mu·
1057 3091 1071 3140 1

101 3177 194 3225 uerum
206 3165 264 3228 tuo
279 3161 420 3247 nomine,
438 3161 495 3228 sed
508 3183 568 3227 nec
581 3162 661 3227 mihi
674 3162 796 3247 placuit
814 3184 873 3228 nee
888 3163 1037 3246 cuiquam

156 3333 203 3404 Ep.
221 3335 242 3390 1.
258 3343 281 3390 2.
320 3337 497 3404 confirmatur
516 3337 593 3405 (Mn,
612 3337 676 3406 W).
714 3337 899 3404 conformatae
916 3333 985 3403 Μ1.,
1004 3335 1035 3390 Β.

102 3408 271 3476 -οωιεεραί,
293 3409 352 3462 aiei
374 3424 407 3460 m.
432 3407 504 3475 (edd.
524 3409 613 3477 vett).
657 3425 678 3461 e.
702 3423 737 3461 m.
760 3407 797 3461 M.
843 3421 879 3470 e,
901 3405 934 3458 ai
950 3421 984 3458 m.
1004 3405 1035 3459 Β.

101 3469 142 3541 Ep.
157 3481 178 3530 l.
218 3494 301 3546 quam
319 3477 361 3548 [a]
379 3479 438 3532 vita
451 3479 585 3532 decederet
604 3477 679 3546 (W).
720 3493 801 3546 quam
824 3476 946 3530 emunita
969 3477 1035 3532 diac.

101 3540 131 3596 lt
159 3563 179 3602 o.
197 3563 215 3601 a
231 3549 290 3604 aito
307 3549 373 3603 diae.
392 3547 423 3603 Β.
444 3575 477 3610 -,-
495 3548 527 3602 di
545 3547 672 3614 (Nonius,
685 3548 750 3616 W.).
787 3546 833 3600 dei
849 3544 914 3598 ΜΒ.

786 3633 823 3684 3*
