2610 3980
349 209 609 266 EPISTOLARUM
627 209 673 266 Ν.
694 217 718 266 e.
738 217 761 265 1.
967 211 1030 278 105

100 351 180 419 ctiam
193 354 397 438 cupiditatem
410 354 642 439 ostendistique
661 355 841 440 sapientem
858 359 892 420 et
908 356 1030 422 bonum

99 440 183 506 civem
203 442 294 508 initia
315 443 392 509 belli
414 443 517 508 civilis
540 443 678 526 inuitum
696 444 867 529 suscipere,
889 448 1031 510 extrema

98 528 216 594 libenter
243 554 311 598 non
337 533 495 616 persequi
544 531 606 609 uui
637 553 705 598 nou
735 532 821 598 idem
852 533 1065 618 consilium,c
1142 540 1146 547 '

99 618 168 700 quod
187 622 231 704 tu,
254 622 462 706 secun-sunt,
484 642 539 686 eus
562 621 655 686 video
678 623 714 687 in
736 621 800 688 duc
818 643 939 708 genera
961 643 1030 688 csse

98 705 259 794 distractum
286 713 343 774 aut
370 709 457 774 euim
483 730 638 775 renovare
660 710 781 777 bellum
808 711 917 777 conati
946 713 1031 796 sunt,

97 792 175 878 hique
201 817 234 862 sc
260 799 296 862 in
317 797 462 862 Africam
485 799 705 883 contulerunt,
728 802 797 884 aut,
825 799 1029 884 quemadmo-

97 882 158 948 dum
184 907 256 971 noa,
283 887 399 952 victori
426 907 494 952 scae
522 886 737 954 crediderunt:
767 888 908 954 medium
931 888 1050 992 quod,

96 970 155 1038 dum
174 977 265 1042 tuum
287 975 458 1040 eonsilium
479 974 555 1060 fuit,
578 977 633 1060 qui
655 975 717 1041 hoc
739 975 876 1042 fortasse
898 976 1030 1044 humilia

95 1061 177 1126 animi
198 1063 340 1149 duceres,
361 1063 441 1128 illud
463 1064 647 1148 pertinacis.
687 1063 806 1130 Fateor
829 1087 848 1130 a
870 1066 1031 1150 plerisque

95 1150 134 1212 uel
153 1151 253 1216 dicam
280 1152 322 1217 ab
350 1153 498 1218 omnibus
527 1153 655 1238 sapiens
683 1156 776 1218 tuum
798 1153 982 1238 concilium,
1012 1175 1031 1218 a

94 1240 185 1305 multis
206 1241 306 1308 cuam
328 1241 440 1327 magui
462 1262 500 1306 ac
521 1241 616 1308 fortia
640 1242 740 1308 animi
761 1242 952 1326 iudicatum3
975 1242 1031 1306 sed

94 1323 175 1392 habu
195 1329 259 1396 iata
280 1329 374 1414 ratio,
396 1329 536 1394 1111111111
559 1329 687 1414 quidem
709 1330 848 1416 videtur,
871 1331 1031 1418 quendam

94 1416 218 1504 nodum,
240 1418 431 1503 pracsertim
454 1440 553 1502 quum
575 1419 657 1484 nihil
678 1419 740 1484 tibi
763 1420 871 1485 deesse
894 1420 1031 1486 arbitrer

94 1503 125 1567 cd
143 1508 210 1573 didas
237 1507 390 1574 fortunas
412 1528 523 1572 omncs
546 1507 739 1572 obtinendae
766 1513 892 1594 praeter
918 1510 1031 1575 volun·

92 1593 188 1678 tetem3
219 1596 265 1661 sic
298 1595 385 1664 enim
415 1596 573 1682 intellexi,
604 1596 687 1663 nihil
714 1597 801 1662 aliud
831 1619 913 1682 esse,
945 1597 1031 1681 quod

93 1678 311 1749 dubitationem
334 1683 463 1749 afferret
488 1685 530 1770 ei,
558 1706 657 1769 penes
684 1706 779 1769 quem
807 1690 856 1750 est
877 1689 1032 1770 potestas,

91 1768 142 1834 uiri
162 1773 247 1856 quod
268 1777 442 1856 vereretur,
464 1794 505 1838 ne
527 1777 565 1838 tu
586 1773 667 1838 illud
684 1773 875 1839 beneficium
898 1775 1030 1839 omnino

92 1876 145 1922 uon
168 1865 314 1944 putarem
346 1861 385 1925 de
417 1883 480 1946 quo
513 1860 590 1946 quid
618 1862 768 1947 sentiam,
799 1862 882 1927 nihil
914 1862 1031 1927 attinet

92 1943 186 2035 dicere,
209 1971 312 2034 quum
334 1954 502 2036 appareat,
524 1952 593 2035 ipae
617 1950 694 2035 quid
713 1950 853 2016 fecerim.
897 1947 960 2015 Sed
983 1955 1030 2014 ta-
1048 1963 1066 2011 4

91 2053 163 2119 nen,
190 2038 218 2103 si
244 2038 313 2102 iam
339 2036 387 2102 ita
409 2039 644 2124 mnstituirses,
671 2041 708 2103 ut
734 2040 845 2104 abesse
875 2041 1030 2121 perpetuo

90 2123 185 2192 malles
207 2147 309 2212 quam
331 2147 382 2211 ea,
405 2148 487 2211 quae
509 2127 626 2212 nolles,
647 2127 769 2212 videre,
791 2129 901 2191 tamen
923 2125 957 2189 id
980 2145 1030 2190 co·

90 2211 177 2292 gitare
208 2214 357 2299 deberes,
387 2216 578 2300 ubicumque
605 2237 705 2301 esses,
735 2218 768 2282 tc
798 2214 869 2280 fore
899 2213 935 2278 in
962 2213 1031 2278 eius

89 2296 188 2387 ipsius,
210 2325 309 2388 quem
330 2302 473 2390 ingeres,
499 2307 672 2389 potestate:
701 2304 756 2388 qui
784 2304 812 2370 ai
837 2302 932 2368 facile
959 2324 1030 2387 pas·

90 2407 168 2456 curua
181 2395 268 2458 esset
281 2395 315 2456 te
329 2397 491 2458 carentem
508 2394 615 2478 patria
633 2397 666 2459 ct
682 2393 823 2458 fortunis
840 2392 905 2458 tuis
925 2392 1031 2477 quiete

90 2477 116 2539 cd
133 2478 229 2546 libere
251 2481 372 2566 vivere,
399 2481 608 2568 cogitandum
629 2481 690 2546 tibi
716 2485 825 2546 tamen
848 2480 1030 2565 11111110-
1066 2555 1069 2560 Δ

89 2584 187 2636 macne
209 2572 244 2634 et
266 2569 355 2636 domi
376 2573 466 2655 tuae,
488 2569 680 2636 cuicuimodi
702 2591 753 2636 res
776 2572 874 2654 esset,
896 2591 940 2634 cn
961 2568 1030 2653 My-

89 2651 183 2722 tlcnis
203 2661 264 2725 aut
281 2657 390 2726 Rhodi
411 2659 524 2726 malles
546 2659 666 2742 viver03
689 2657 753 2744 aed,
776 2680 875 2742 quum
897 2659 944 2722 ita
966 2659 1031 2723 late

89 2745 186 2822 pudeat
210 2746 282 2812 eiua
308 2750 466 2831 potestus,
497 2769 592 2832 quem
618 2767 778 2832 veremur,
809 2750 847 2811 ut
872 2749 1031 2811 terrerum

91 2830 186 2897 orbem
218 2835 387 2918 complexa
419 2837 474 2921 sit,
505 2856 614 2902 nonne
650 2836 752 2900 mavis
788 2835 858 2900 sinc
889 2835 1030 2919 periculo

89 2916 152 2984 tuae
173 2922 262 2990 domi
284 2945 355 2992 ease
377 2946 474 3008 quam
497 2946 571 2991 cum
593 2923 735 3008 periculo
755 2923 900 2988 alienae?
932 2922 1031 3008 Equi·

90 3002 158 3091 dem,
178 3011 308 3078 etiamsi
329 3013 512 3097 oppetenda
533 3033 620 3078 mors
643 3015 739 3097 esset,
767 3012 853 3078 domi
877 3015 973 3096 atque
995 3011 1031 3075 in

89 3097 180 3174 pauiu
201 3101 333 3166 mallem
355 3123 453 3186 quam
474 3102 512 3167 in
532 3100 673 3166 externis
691 3104 787 3185 atquc
807 3101 920 3166 alienis
938 3098 1031 3181 locis3

89 3177 139 3248 huc
158 3186 245 3256 idem
267 3209 388 3274 omnes,
410 3191 467 3275 qui'
487 3192 520 3255 te
544 3189 696 3274 diligunt,
719 3189 873 3273 sentiunt,
895 3207 1031 3273 quorum

89 3274 129 3334 est
143 3295 262 3362 magna
275 3299 335 3362 pro
353 3277 418 3344 tuis
432 3278 579 3343 maximis
594 3278 840 3361 clarissimisque
858 3275 1031 3342 virtutibus

147 3480 198 3554 Ep.
220 3490 243 3554 7,
257 3491 282 3540 3.
317 3486 392 3555 tique
409 3502 437 3542 ae
458 3487 491 3542 da
508 3485 544 3542 1
568 3485 710 3558 (Bened.)?
759 3455 785 3540 1.
817 3485 864 3540 aed
885 3489 988 3550 tamea,
1005 3483 1032 3538 a·

90 3545 145 3620 ffld·
179 3555 228 3610 red
244 3559 349 3612 lauwini
367 3556 441 3626 Eun,
460 3556 490 3613 B.
