2644 3988
242 195 307 260 348
523 197 561 250 ll.
581 194 705 250 TULLII
724 194 917 251 CICERONIS

241 344 407 426 praetores
438 343 472 405 et
502 361 541 405 ea
573 339 732 425 dignitate
762 339 911 406 homines
943 340 1064 425 aliquid
1096 339 1200 405 edicto

241 431 496 514 postulassemus
518 451 539 492 a
560 429 706 512 consule;
732 428 820 513 quod
846 429 875 494 si
901 427 1083 514 indignaris
1106 449 1202 493 ausos

242 540 312 582 esse
334 517 369 582 id
390 517 512 602 facere,
534 517 674 582 concede
695 517 805 601 nobis,
827 522 866 582 ut
887 516 1053 583 doleamus
1075 538 1118 582 ne
1140 517 1201 582 hoc

206 606 372 691 equidem
403 607 461 671 abs
492 610 526 670 te
548 604 652 671 Bruto
684 608 718 670 et
744 603 856 672 (laesio
886 605 996 671 tribui.
1043 603 1133 670 Nam
1164 606 1203 669 de

241 694 419 760 delectibus
441 694 562 759 habitis
585 697 618 758 et
639 695 786 778 pecuniis
807 695 988 779 imperatis,
1010 694 1204 759 exercitibus

243 784 424 849 sollicitatis
455 787 490 848 et
519 783 644 848 nuntiis
674 787 767 848 trans
798 805 887 847 mare
918 783 1025 847 missis
1055 782 1145 866 quod
1170 785 1204 846 te

243 876 394 956 questum
407 892 477 937 esse
489 893 601 957 negas,
612 893 674 937 nos
688 872 818 956 quidem
830 872 892 936 tibi
905 871 1064 936 credimus
1078 871 1204 955 optimo

243 959 352 1026 animo
369 965 404 1025 te
420 960 544 1044 fecisse,
562 960 619 1026 sed
636 963 747 1026 tamen
763 981 869 1044 neque
887 960 1094 1045 agnoscimus
1113 959 1205 1043 quid-

178 1069 342 1132 quam
363 1070 475 1115 eorum
498 1053 532 1113 et
552 1053 585 1114 te
607 1050 775 1134 miramur,
802 1071 903 1133 quum
924 1049 1005 1113 haec
1026 1048 1206 1132 reticueris,

241 1159 312 1203 non
333 1139 478 1222 potuisse
504 1139 670 1203 continere
691 1100 892 1203 iracundiam
913 1140 1017 1220 tuam,
1043 1137 1124 1220 quin
1147 1157 1206 1201 no·

208 1225 294 1290 obis
316 1226 356 1292 de
378 1230 482 1292 morte
505 1224 651 1292 Caesaris
674 1227 837 1292 obiiceres.
881 1225 966 1291 lllud
994 1247 1070 1290 vero
1094 1247 1207 1309 quem·

157 1345 162 1356 ·
243 1314 418 1381 admodum
433 1315 608 1380 ferundum
625 1314 678 1399 sit,
694 1318 765 1379 tute
779 1315 899 1400 cogita,
913 1336 981 1380 non
997 1314 1094 1378 licere
1112 1335 1206 1398 prae·

243 1402 369 1467 toribus
392 1403 583 1468 concordiae
605 1425 644 1468 ec
665 1404 825 1468 libertatis
852 1425 950 1468 causa
976 1425 1035 1487 per
1061 1403 1207 1468 edictum

244 1490 284 1554 de
307 1512 365 1556 suo
392 1491 461 1556 iure
489 1491 655 1576 decedere,
683 1493 763 1576 quin
790 1493 904 1558 consul
929 1513 1020 1556 arma
1048 1492 1207 1556 minetur:

244 1599 381 1662 quorum
407 1580 526 1645 fiducia
551 1579 635 1645 nihil
661 1581 820 1665 estquod
846 1601 908 1646 nos
935 1583 1071 1664 terreas3
1098 1601 1207 1664 neque

244 1667 332 1732 enim
358 1667 450 1733 decet
476 1672 534 1736 eut
564 1670 717 1734 convenit
747 1670 842 1735 nobis
873 1670 1015 1754 periculo
1042 1669 1102 1733 ulli
1129 1669 1207 1733 sub·

244 1757 372 1822 mittere
394 1758 539 1823 animum
560 1761 709 1823 nostrum
730 1779 836 1842 neque
856 1761 906 1823 est
923 1757 1069 1823 'Antonio
1092 1761 1207 1842 postu·

243 1845 386 1931 landum,
403 1850 442 1911 ut
458 1847 499 1911 iis
511 1846 658 1931 imperet,
675 1869 814 1930 quorum
827 1867 926 1930 opera
939 1847 1021 1911 liber
1038 1849 1096 1912 est.
1131 1845 1207 1910 Nos

245 1934 273 1997 si
295 1935 360 1999 alia
380 1934 599 2019 hortarentur,
621 1939 659 1999 ut
679 1935 801 2000 bellum
819 1936 912 2000 civile
930 1935 1085 2000 suscitare
1107 1935 1206 2000 relle-

243 2044 325 2104 mus,
347 2023 474 2089 litterae
495 2028 573 2089 tuae
594 2024 677 2088 nihil
694 2024 902 2108 proficerent3
923 2025 1014 2088 nulla
1036 2023 1123 2088 enim
1144 2024 1206 2087 mi·

243 2113 355 2176 nantis
376 2113 553 2178 auctoritas
576 2112 662 2196 apud
683 2113 803 2178 liberos
826 2115 888 2196 est,
916 2112 972 2178 sed
998 2112 1132 2197 pulchre
1155 2113 1207 2175 in-

243 2200 364 2286 telligis
380 2222 454 2288 non
476 2223 572 2286 posse
593 2223 656 2266 nos
678 2222 843 2285 quoquam
859 2201 991 2286 impelli,
1013 2204 1047 2266 et
1063 2201 1206 2266 fortasse

244 2309 284 2352 ea
304 2310 340 2352 re
362 2291 532 2356 minaciter
562 2289 647 2375 agis,
675 2293 713 2354 ιιι
744 2289 897 2355 iudicium
922 2293 1071 2355 nostrum
1097 2292 1206 2354 metus

208 2375 400 2442 uideatur.
443 2376 515 2443 Nos
539 2379 576 2444 in
602 2378 665 2443 hac
691 2379 854 2443 sententia
875 2400 999 2463 sumus,
1025 2383 1064 2442 ut
1089 2380 1123 2442 te
1150 2399 1206 2442 cu-

244 2464 372 2548 piamus
394 2464 430 2529 in
451 2466 554 2532 libera
579 2488 615 2531 re
640 2467 771 2552 publica
797 2488 953 2553 magnum
980 2470 1078 2552 atqm
1102 2466 1206 2531 hone-

246 2555 334 2617 stum
360 2574 443 2640 esse,
474 2576 624 2620 vocemus
650 2559 685 2620 te
712 2556 753 2620 ad
781 2557 888 2621 nullas
915 2556 1115 2639 inimicitias,
1147 2555 1207 2619 sed

244 2643 356 2706 tamen
377 2642 480 2726 pluris
501 2647 648 2709 nostram
665 2644 848 2709 libertatern
866 2666 964 2729 quam
982 2649 1073 2710 tuam
1096 2644 1207 2708 amici·

244 2729 340 2795 tiam
348 2730 562 2798 aestimemus.
599 2732 649 2797 Tu
672 2733 770 2797 etiam
788 2737 885 2818 atque
904 2734 1002 2798 etiam
1022 2733 1104 2818 vide,
1127 2732 1207 2816 quid

245 2818 715 3008 ἱῗίἓὶιῗῖιιιῗῗιιῗᾞὲἷί
736 2822 882 2975 tlh
900 2842 1054 2996 teth,
1050 2821 1206 2975 tutu

246 2994 338 3082 gites.
387 2995 475 3062 Deos
502 3020 710 3082 quaesumus,
736 2999 872 3064 consilia
898 3003 956 3064 tua
981 2999 1029 3064 rei
1055 2999 1207 3083 publicae

246 3084 402 3150 salutaria
424 3085 491 3150 sint
513 3089 587 3150 act
572 3086 646 3151 tibi:
669 3087 698 3151 si
719 3087 836 3172 minus,
858 3090 896 3152 ut
918 3088 1008 3152 salva
1026 3091 1123 3172 atque
1146 3087 1205 3152 ho·

245 3177 339 3238 nesta
361 3196 396 3238 re
414 3173 545 3260 publiea
561 3175 623 3238 tibi
641 3197 738 3258 quam
755 3176 925 3242 minimum
941 3179 1090 3262 noceant,
1113 3181 1206 3262 opta·

244 3282 327 3328 mus.
370 3261 477 3328 Pridie
499 3261 532 3328 N
534 3285 613 3328 onas
637 3260 722 3328 Sext

317 3470 448 3539 E1³³‚3
485 3488 568 3540 opera
585 3472 643 3540 ιἰιι
661 3471 798 3540 liter(W
800 3475 836 3541 ,?)
855 3473 1023 3542 -fmagoe
1037 3475 1112 3544 w,
1147 3475 1204 3542 so,

245 3541 375 3594 tassisB
379 3513 498 3611 ,tulga
1292 3549 1293 3556 χ
