2606 3994
335 258 595 315 EPISTOLARUM
612 259 673 315 xv.
694 265 734 314 12.
756 265 797 315 rs.
978 255 1046 322 519

84 406 268 492 perspicere
289 426 411 490 posses.
451 401 501 470 Ac
522 405 689 489 petitionis
712 404 841 488 quidem
863 407 938 469 tuae
960 403 1045 468 ratio

85 495 168 560 mihi
190 515 317 577 semper
338 494 402 558 fuit
424 494 600 578 explorata,
622 493 678 558 sed
695 496 806 558 tamn
828 513 948 558 navare
970 513 1045 577 ope·

85 606 158 648 ram
178 583 341 667 volebam,
369 583 405 646 in
433 583 603 648 consulatu
625 603 701 648 vero
714 581 819 666 ‘cupio
842 581 990 665 equidem
1011 583 1045 644 te

86 673 195 737 minus
217 671 337 736 habere
360 670 496 757 negotii,
525 670 581 736 sed
603 671 737 736 moleste
759 670 829 735 fero
856 691 908 734 me
931 689 1045 734 consu·

86 761 153 825 lem
166 763 259 826 tuum
273 759 414 825 studium
429 758 641 824 adolescentis
655 759 863 844 perspexisse,
882 762 915 823 te
928 779 1045 841 meum,

84 870 188 933 quum
214 848 248 913 id
275 847 390 912 aetatis
418 848 493 932 sim,
521 848 700 932 perspicere
727 867 795 912 non
826 867 930 932 posse.
982 842 1080 911 Sede

86 937 135 1001 ita
157 936 226 1002 fato
249 937 446 1020 nescioquo
474 936 648 1021 contigisse
678 935 830 1021 arbitror,
856 938 894 1000 ut
920 933 980 999 tibi
1003 934 1045 999 ad

86 1047 139 1089 me
167 1025 348 1091 ornandum
376 1045 502 1109 semper
532 1025 626 1090 detur
655 1024 809 1109 facultas,
837 1023 917 1088 mihi
944 1023 985 1086 ad
1015 1024 1042 1086 te

85 1114 359 1179 remunerandum
385 1113 468 1178 nihil
500 1115 652 1198 suppetat
677 1116 805 1197 praeter
831 1113 1044 1177 voluntatem:

86 1203 213 1268 ornasti
236 1202 452 1286 consulatum,
475 1201 599 1268 ornasti
620 1200 760 1265 reditum
782 1222 902 1284 meum,
930 1199 1045 1265 incidit

87 1313 197 1355 meum
218 1294 345 1375 tempus
367 1311 475 1354 rerum
498 1289 711 1375 gerendarum
738 1289 775 1354 in
800 1290 908 1374 ipsum
931 1308 1044 1353 consu·

86 1380 192 1443 latum
213 1382 314 1466 tuum.
359 1377 487 1463 Itaque,
514 1399 613 1463 quum
640 1380 674 1442 et
699 1382 757 1467 tua
784 1399 909 1442 summa
931 1376 1044 1460 ampli·

86 1467 168 1532 tudo
192 1469 226 1531 εὴ
247 1467 388 1552 dignitas
411 1470 444 1531 εὴ
466 1487 556 1532 meus
574 1487 712 1552 magnus
734 1466 839 1533 honos
861 1485 1044 1551 magnaque

86 1555 283 1642 existimatio
305 1555 469 1640 postulare
491 1554 646 1639 uideatur,
669 1558 706 1619 ut
724 1577 743 1619 a
760 1558 794 1619 te
811 1554 957 1638 pluribus
975 1574 1045 1618 ver·

88 1644 138 1709 bis
161 1643 354 1711 contendam
378 1646 556 1728 acpetam,
578 1647 733 1727 utquam
760 1642 1045 1708 honorificentissi-

89 1755 178 1798 mum
196 1735 327 1798 senatus
345 1732 528 1797 consultum
547 1731 586 1796 de
604 1732 684 1796 meis
697 1731 793 1796 rebus
807 1731 907 1816 gestis
924 1731 1044 1796 facien·

88 1820 166 1885 dum
189 1842 289 1905 cures,
311 1842 379 1886 non
402 1821 504 1885 audeo
522 1819 729 1884 vehementer
751 1841 771 1882 a
789 1821 822 1883 te
843 1819 1045 1902 contendere,

88 1929 131 1974 ne
154 1912 211 1974 aut
232 1910 301 1994 ipse
324 1913 398 1973 tuae
426 1911 599 1993 perpetuae
629 1907 870 1972 consuetudinis
894 1925 971 1992 erga
993 1927 1044 1970 me

90 1997 209 2062 oblitus
232 2017 301 2063 esse
328 1997 438 2062 videar
460 2000 518 2062 aut
543 2000 576 2061 te
604 1995 740 2062 oblitum
766 1998 885 2080 putem.
931 1993 1078 2079 Querar!

90 2089 182 2151 utto
203 2086 286 2151 velle
309 2086 458 2168 arbitror,
478 2085 527 2150 ita
548 2084 675 2168 faciam,
697 2087 793 2168 atque
817 2083 858 2147 ab
879 2103 926 2167 eo,
949 2103 1044 2167 quem

91 2195 202 2240 omnes
224 2177 339 2259 gentes
370 2174 478 2240 sciunt
504 2173 543 2238 de
570 2193 621 2238 me
644 2173 765 2256 optime
787 2171 946 2256 meritum,
974 2170 1045 2235 bre·

91 2263 173 2328 viter
194 2266 312 2346 petam.
352 2260 387 2328 si
410 2262 466 2327 alii
488 2261 636 2327 consules
659 2263 776 2343 essent,
798 2259 839 2323 ad
861 2261 894 2324 te
916 2259 1043 2346 potissi·

90 2373 193 2434 mum,
214 2350 339 2435 Paulle,
360 2351 535 2434 mitterem,
561 2353 600 2414 ut
621 2370 676 2415 sos
698 2348 779 2413 mihi
801 2369 899 2433 quam
921 2347 1044 2412 amicis·

91 2439 189 2505 simos
215 2439 376 2504 redderes:
407 2459 508 2523 nunc,
535 2459 634 2523 quum
660 2440 718 2503 tua
749 2457 875 2502 summa
901 2439 1045 2521 potestas

91 2549 278 2611 summaque
306 2528 482 2593 auctoritas
508 2531 650 2611 notaque
677 2526 826 2592 omnibus
855 2528 969 2592 nostra
989 2545 1045 2590 ne·

91 2616 251 2682 cessitudo
286 2616 342 2701 sit,
377 2617 583 2702 vehementer
617 2619 651 2680 te
682 2637 777 2702 rogo,
811 2617 850 2679 ut
885 2618 919 2679 et
948 2634 1045 2698 quam

91 2704 413 2770 honorificentissime
431 2725 523 2770 cures
541 2704 777 2768 decernendum
795 2702 834 2767 de
852 2702 932 2767 meis
949 2702 1045 2767 rebus

92 2793 192 2878 gestis
219 2796 253 2857 et
279 2814 376 2878 quam
404 2792 579 2857 celerrime:
607 2791 723 2876 dignas
752 2811 804 2855 res
831 2810 900 2855 esse
922 2787 1046 2856 honore

91 2883 125 2945 et
151 2882 369 2966 gratulatione
400 2899 575 2967 cognosces
603 2899 642 2944 ex
667 2879 708 2943 iis
734 2878 867 2963 litteris,
895 2899 975 2963 quas
1005 2877 1045 2942 ad

90 2972 124 3035 te
147 2973 180 3034 ct
202 2969 361 3056 collegam
382 2971 416 3034 et
438 2972 587 3034 senatum
608 2966 839 3052 publicemisi.
880 2965 1045 3032 Omnium·

91 3077 153 3142 qne
171 3079 316 3123 mearum
334 3058 529 3143 reliquarum
545 3077 654 3121 rerum
673 3056 873 3140 maximeque
886 3055 1046 3121 existima·

89 3145 190 3211 tionis
212 3167 302 3211 meae
325 3146 585 3231 procurationem
603 3148 786 3229 susceptam
802 3143 899 3209 velim
916 3144 1046 3227 habeas,

161 3320 214 3391 Ep.
235 3327 317 3388 13,1.
349 3337 450 3391 possea
486 3320 530 3376 Ac
547 3320 663 3391 (vulgo).
694 3335 742 3389 μς
760 3335 793 3374 oc
810 3319 841 3374 B.
861 3347 895 3359 -
913 3318 1047 3383 sabbam

89 3391 124 3444 c'a
142 3391 216 3460 W).
252 3409 277 3448 a.
296 3391 399 3447 Iavul
420 3408 444 3447 0.
481 3397 506 3446 2.
534 3391 855 3446 aaaraamaraadan
874 3387 935 3459 (Ia).
972 3388 1046 3444 adr.

90 3461 137 3528 M,
155 3463 250 3534 vulgo.
274 3493 308 3505 -
327 3463 362 3534 pl
403 3463 409 3476 ‘
475 3461 564 3517 verbis
587 3461 652 3531 (m).
684 3460 817 3531 plurimis
839 3477 865 3514 o.
890 3459 984 3530 vulgo.
1020 3465 1047 3514 3.

90 3533 445 3657 cclirdipnar...misi.
490 3531 669 3602 Omninoque
693 3531 769 3602 (W.).
814 3529 1048 3598 c.D...m.,o.

91 3619 185 3674 ungo.
