2578 3978
402 241 662 298 EPISTOLARUM
680 243 725 298 ΠΙ.
744 249 769 300 8.
1025 243 1065 307 77

118 385 216 450 inisse.
258 385 332 452 Hos
356 408 418 473 ego
442 408 618 472 sermones,
646 388 732 472 quod
759 389 908 454 etmulti
935 393 1012 456 sunt
1034 393 1067 455 et

118 477 200 538 tuem
221 474 502 560 existimationem,
523 479 562 539 ut
583 496 645 561 ego
667 477 781 560 sentio,
804 497 872 542 non
890 477 1066 561 offendunt,

118 563 254 627 lacessivi
276 585 466 648 numquam,
488 564 544 628 sed
562 585 630 630 non
648 565 741 630 valde
759 565 905 650 repressi.
941 564 975 631 Si
994 569 1066 650 quis

116 654 169 734 cst,
190 652 245 735 qui
266 653 432 717 neminem
453 652 621 717 bonafide
638 653 674 717 in
692 653 830 739 gratiam
852 657 946 739 putet
962 655 1065 720 redire

115 761 213 824 posse,
235 761 304 805 non
325 745 473 806 nostram
495 741 523 806 is
545 741 713 825 perfidiam
731 743 886 828 coarguit,
909 743 964 808 sed
983 744 1066 808 indi·

115 831 164 892 cat
185 850 290 914 suam,
318 829 477 913 simulque
503 851 572 894 non
598 830 638 894 de
664 851 715 895 me
737 829 766 895 is
788 831 879 916 peius
907 831 1066 916 quamde

113 919 143 981 te
166 917 341 1002 existimat,
364 919 416 981 sin
438 921 546 983 autem
568 939 664 1003 quem
685 939 758 984 mee
775 919 924 985 instituta
942 921 977 984 in
994 942 1065 1005 pro-

112 1006 215 1069 vincia
237 1027 307 1071 non
330 1006 492 1071 delectant
514 1010 547 1071 et
569 1007 708 1091 quadam
736 1007 995 1074 dissimilitudine
1017 1010 1065 1072 in-

113 1094 299 1159 stitutorum
322 1116 466 1160 meorum
486 1116 523 1159 sc
541 1099 670 1160 tuorum
688 1096 773 1160 laedi
791 1117 825 1160 se
842 1100 944 1180 putat,
967 1119 1066 1180 quum

111 1185 244 1267 uterque
266 1186 415 1248 nostrum
437 1187 523 1249 recte
546 1184 670 1268 feccrit,
698 1184 753 1248 sed
781 1205 848 1249 non
874 1184 959 1249 idem
981 1188 1065 1250 uter-

111 1291 171 1355 qne
188 1275 319 1336 secutus
338 1272 388 1356 sit,
410 1270 497 1337 hunc
515 1292 576 1358 ego
599 1273 737 1336 amicum
755 1271 873 1336 hebere
891 1295 959 1338 non
980 1295 1065 1340 curo.

110 1359 300 1424 Liberalitas
331 1363 402 1444 tue,
433 1364 471 1425 ut
496 1360 637 1426 hominis
665 1360 870 1445 nobilissimi,
901 1361 998 1427 latius
1030 1363 1101 1430 ins

111 1449 279 1532 provincia
300 1448 418 1532 patuit:
441 1452 554 1515 nostra
576 1449 603 1513 si
626 1449 795 1534 angustior
812 1454 857 1514 cst
878 1485 920 1497 -
943 1451 1004 1516 etsi
1026 1451 1066 1515 de

109 1540 168 1600 tus
179 1537 306 1621 prolixe
323 1537 528 1622 beneficaque
546 1541 665 1602 nature
682 1538 807 1603 limavit
825 1538 946 1622 aliquid
959 1542 1065 1623 poste·

110 1625 176 1689 rior
189 1647 295 1690 annus
309 1628 442 1710 propter
459 1626 621 1710 quendam
634 1625 800 1692 tristitiam
817 1629 999 1710 temporum
1013 1663 1066 1710 -,

109 1735 178 1778 non
200 1713 320 1779 debent
342 1714 452 1778 mirari
473 1714 634 1798 homines,
662 1735 761 1799 quum
789 1718 822 1780 et
844 1718 961 1780 natura
985 1737 1065 1780 sem·

109 1823 168 1886 per
193 1802 236 1866 ad
256 1802 460 1887 largiendum
487 1823 526 1868 ex
552 1803 658 1869 alieno
684 1802 801 1868 fuerim
827 1804 1007 1868 restrictior
1033 1808 1066 1868 et

108 1890 323 1975 temporibus,
350 1892 465 1975 quibus
493 1891 548 1956 alii
570 1893 756 1976 moventur,
778 1891 891 1956 iisdem
914 1913 975 1978 ego
998 1914 1065 1958 mo·

109 2000 199 2062 rear,
230 1999 282 2043 me
314 1999 383 2044 esse
411 1981 561 2045 acerbum
589 1980 664 2063 ribi,
696 1983 734 2044 nt
760 1980 821 2044 sim
848 1980 949 2046 dulcis
976 1982 1065 2046 mihi.

108 2065 159 2132 De
181 2069 278 2134 rebus
300 2068 433 2132 urbanis
456 2069 541 2152 quod
563 2089 615 2133 me
638 2069 807 2134 certiorem
828 2068 943 2152 fecisti,
967 2091 1066 2153 quum
1085 2087 1100 2136 e

109 2177 169 2241 per
190 2177 225 2221 se
248 2155 328 2220 mihi
352 2160 481 2242 gratum
502 2156 574 2240 fuit,
594 2162 666 2222 tum
688 2157 774 2241 qnod
794 2155 984 2241 significasti
1005 2158 1066 2221 tibi

108 2244 220 2310 omnia
247 2266 319 2309 meu
345 2245 499 2309 mandata
525 2265 620 2310 curae
646 2246 728 2329 fore3
759 2245 795 2309 in
822 2244 938 2329 quibus
964 2267 1066 2309 unum

107 2333 190 2398 illud
211 2337 245 2398 te
267 2334 439 2418 praecipue
461 2354 541 2420 rogo
563 2337 602 2398 ut
623 2355 727 2419 cures,
753 2355 795 2400 ne
823 2333 900 2418 quid
922 2333 1001 2398 mihi
1025 2334 1066 2398 ad

107 2421 173 2486 hoc
194 2423 319 2508 negotii
342 2426 400 2487 aut
426 2423 532 2488 oneris
555 2422 687 2488 accedat
709 2426 766 2489 sut
787 2422 955 2507 temporis,
981 2421 1065 2488 Hor·
1163 2477 1167 2482 .

107 2510 323 2596 tensiumque,
344 2513 493 2577 nostrum
510 2513 669 2596 collegam
687 2514 720 2576 et
737 2511 939 2596 familiarem,
961 2533 1065 2598 roges,

107 2603 155 2683 nt,
178 2600 207 2663 si
228 2620 382 2684 umquam
404 2621 477 2666 mea
498 2622 596 2665 causa
618 2598 793 2684 quidquam
811 2603 869 2665 aut
886 2599 987 2664 sensit
1009 2605 1067 2666 aut

106 2687 200 2771 fecit,
227 2687 267 2752 de
293 2689 356 2753 hac
382 2709 508 2774 quoque
532 2689 693 2754 sententia
715 2689 803 2753 bima
829 2687 975 2772 decedat,
1002 2710 1066 2773 quc

108 2775 191 2840 mihi
213 2776 296 2841 nihil
318 2781 518 2862 potestesse
540 2777 709 2842 inimicius.
754 2775 803 2842 De
825 2777 946 2842 nostris
968 2779 1064 2844 rebus
1080 2794 1113 2846 10

108 2865 196 2949 quod
225 2865 305 2930 scire
332 2865 395 2951 vis,
422 2864 522 2932 Tarso
550 2864 655 2931 Nonis
682 2865 872 2931 Octobribus
903 2868 947 2928 ad
968 2866 1065 2932 Ama·
1089 2858 1099 2875 ”

108 2973 189 3018 num
212 2973 323 3019 versus
350 2954 487 3039 profecti
515 2976 637 3038 eumue,
663 2953 744 3020 haec
770 2955 884 3039 scripsi
909 2955 1065 3038 postridie

108 3041 179 3106 eius
207 3041 283 3127 diei,
311 3063 410 3126 quum
436 3045 542 3108 castra
572 3042 725 3108 haberem
756 3044 792 3107 in
823 3063 902 3132 agro
934 3041 1064 3127 Mopsu-

108 3129 243 3195 hestiae.
293 3128 426 3216 Siquid
454 3152 563 3217 egero,
586 3131 722 3196 scribam
746 3131 787 3196 ud
809 3135 856 3217 te,
882 3151 986 3214 neque
1009 3131 1063 3196 do-

107 3239 200 3282 mum
212 3239 366 3302 umquam
380 3219 422 3284 ad
434 3241 486 3284 me
504 3221 628 3285 litteras
641 3221 778 3305 mittam,
797 3221 875 3306 quin
889 3218 1065 3303 adiungam

180 3445 233 3516 Ep.
253 3452 278 3514 8,
292 3453 317 3503 8.
367 3463 488 3515 moveor,
510 3465 551 3504 me
644 3451 719 3504 mihi.
756 3447 800 3502 De
819 3446 893 3513 (W.).
943 3462 1063 3503 movear:

106 3532 151 3572 mc
230 3519 304 3573 mdcc'.
337 3517 382 3573 Dc
399 3519 430 3575 Β.
472 3519 535 3589 (ita,
554 3521 587 3574 ut
603 3537 643 3574 me
713 3519 781 3573 miti
799 3519 838 3573 sit
856 3532 951 3572 versus
970 3519 1062 3572 nescio

108 3587 178 3658 qui.)
218 3594 257 3644 10.
286 3590 325 3644 ad
342 3591 482 3645 Amanum
501 3590 576 3659 (W.).
614 3593 753 3645 Amanum
770 3588 863 3658 vulgo.
