<?xml version="1.0" encoding="UTF-8"?>
<!DOCTYPE html PUBLIC "-//W3C//DTD XHTML 1.0 Transitional//EN"
    "http://www.w3.org/TR/xhtml1/DTD/xhtml1-transitional.dtd">
<html xmlns="http://www.w3.org/1999/xhtml" xml:lang="en" lang="en">
 <head>
  <title>
</title>
<meta http-equiv="Content-Type" content="text/html;charset=utf-8" />
  <meta name='ocr-system' content='tesseract 3.04.00' />
  <meta name='ocr-capabilities' content='ocr_page ocr_carea ocr_par ocr_line ocrx_word'/>
</head>
<body>
  <div class='ocr_page' id='page_1' title='image "./epistolae00wesegoog_0439.png"; bbox 0 0 2636 3986; ppageno 0'>
   <div class='ocr_carea' id='block_1_1' title="bbox 363 225 1070 293">
    <p class='ocr_par' dir='ltr' id='par_1_1' title="bbox 363 225 1070 293">
     <span class='ocr_line' id='line_1_1' title="bbox 363 225 1070 293; baseline 0.016 -11"><span class='ocrx_word' id='word_1_1' title='bbox 363 225 622 283; x_wconf 71' lang='lat' dir='ltr'>npmnonnnun</span> <span class='ocrx_word' id='word_1_2' title='bbox 643 227 717 283; x_wconf 84' lang='lat' dir='ltr'>Xlll.</span> <span class='ocrx_word' id='word_1_3' title='bbox 737 235 761 284; x_wconf 81' lang='grc'>9.</span> <span class='ocrx_word' id='word_1_4' title='bbox 781 235 823 285; x_wconf 87' lang='grc'>10.</span> <span class='ocrx_word' id='word_1_5' title='bbox 1004 227 1070 293; x_wconf 77' lang='grc'>427</span> 
     </span>
    </p>
   </div>
   <div class='ocr_carea' id='block_1_2' title="bbox 571 475 611 543">
    <p class='ocr_par' dir='ltr' id='par_1_2' title="bbox 571 475 611 543">
     <span class='ocr_line' id='line_1_2' title="bbox 571 475 611 543; baseline -0.025 0"><span class='ocrx_word' id='word_1_6' title='bbox 571 475 611 543; x_wconf 82' lang='lat' dir='ltr'>X.</span> 
     </span>
    </p>
   </div>
   <div class='ocr_carea' id='block_1_3' title="bbox 305 585 881 646">
    <p class='ocr_par' dir='ltr' id='par_1_3' title="bbox 305 585 881 646">
     <span class='ocr_line' id='line_1_3' title="bbox 305 585 881 646; baseline 0.003 -2"><span class='ocrx_word' id='word_1_7' title='bbox 305 587 363 644; x_wconf 80' lang='lat' dir='ltr'>Ser.</span> <span class='ocrx_word' id='word_1_8' title='bbox 383 587 488 644; x_wconf 80' lang='lat' dir='ltr'>Romae</span> <span class='ocrx_word' id='word_1_9' title='bbox 506 585 620 644; x_wconf 86' lang='lat' dir='ltr'>ineunte</span> <span class='ocrx_word' id='word_1_10' title='bbox 640 605 713 646; x_wconf 87' lang='lat' dir='ltr'>anno</span> <span class='ocrx_word' id='word_1_11' title='bbox 731 607 758 644; x_wconf 86' lang='lat' dir='ltr'>u.</span> <span class='ocrx_word' id='word_1_12' title='bbox 777 607 801 644; x_wconf 91' lang='lat' dir='ltr'>o.</span> <span class='ocrx_word' id='word_1_13' title='bbox 821 595 881 646; x_wconf 80' lang='grc'><strong>708.</strong></span> 
     </span>
    </p>
   </div>
   <div class='ocr_carea' id='block_1_4' title="bbox 408 712 774 770">
    <p class='ocr_par' dir='ltr' id='par_1_4' title="bbox 408 712 774 770">
     <span class='ocr_line' id='line_1_4' title="bbox 408 712 774 770; baseline 0.005 -2"><span class='ocrx_word' id='word_1_14' title='bbox 408 712 537 770; x_wconf 73' lang='lat' dir='ltr'>cronno</span> <span class='ocrx_word' id='word_1_15' title='bbox 555 713 679 770; x_wconf 82' lang='lat' dir='ltr'>BRUTO</span> <span class='ocrx_word' id='word_1_16' title='bbox 699 713 774 770; x_wconf 79' lang='lat' dir='ltr'>SAL.</span> 
     </span>
    </p>
   </div>
   <div class='ocr_carea' id='block_1_5' title="bbox 76 811 1157 3193">
    <p class='ocr_par' dir='ltr' id='par_1_5' title="bbox 76 811 1157 3193">
     <span class='ocr_line' id='line_1_5' title="bbox 179 811 1106 899; baseline 0.002 -21"><span class='ocrx_word' id='word_1_17' title='bbox 179 811 289 889; x_wconf 77' lang='lat' dir='ltr'>Quum</span> <span class='ocrx_word' id='word_1_18' title='bbox 305 813 349 878; x_wconf 84' lang='lat' dir='ltr'>ad</span> <span class='ocrx_word' id='word_1_19' title='bbox 366 816 399 877; x_wconf 88' lang='lat' dir='ltr'>te</span> <span class='ocrx_word' id='word_1_20' title='bbox 416 815 492 878; x_wconf 81' lang='lat' dir='ltr'>bans</span> <span class='ocrx_word' id='word_1_21' title='bbox 511 817 671 898; x_wconf 80' lang='lat' dir='ltr'>quaestor,</span> <span class='ocrx_word' id='word_1_22' title='bbox 690 812 737 878; x_wconf 81' lang='grc' dir='ltr'>Μ.</span> <span class='ocrx_word' id='word_1_23' title='bbox 755 813 870 899; x_wconf 82' lang='lat' dir='ltr'>Varro,</span> <span class='ocrx_word' id='word_1_24' title='bbox 891 812 1071 899; x_wconf 75' lang='lat' dir='ltr'>proficisse·</span> <span class='ocrx_word' id='word_1_25' title='bbox 1091 828 1106 880; x_wconf 78' lang='grc' dir='ltr'>ι</span> 
     </span>
     <span class='ocr_line' id='line_1_6' title="bbox 109 901 1072 988; baseline 0 -20"><span class='ocrx_word' id='word_1_26' title='bbox 109 908 213 988; x_wconf 68' lang='lat' dir='ltr'>tenir,</span> <span class='ocrx_word' id='word_1_27' title='bbox 226 901 504 968; x_wconf 68' lang='lat' dir='ltr'><strong>commendatione</strong></span> <span class='ocrx_word' id='word_1_28' title='bbox 518 922 612 987; x_wconf 80' lang='lat' dir='ltr'>egere</span> <span class='ocrx_word' id='word_1_29' title='bbox 631 923 704 969; x_wconf 85' lang='lat' dir='ltr'>eum</span> <span class='ocrx_word' id='word_1_30' title='bbox 719 924 790 968; x_wconf 86' lang='lat' dir='ltr'>non</span> <span class='ocrx_word' id='word_1_31' title='bbox 802 903 970 988; x_wconf 78' lang='lat' dir='ltr'>putabsm3</span> <span class='ocrx_word' id='word_1_32' title='bbox 993 904 1072 968; x_wconf 82' lang='lat' dir='ltr'>satis</span> 
     </span>
     <span class='ocr_line' id='line_1_7' title="bbox 110 990 1072 1076; baseline 0.002 -21"><span class='ocrx_word' id='word_1_33' title='bbox 110 991 203 1056; x_wconf 86' lang='lat' dir='ltr'>enim</span> <span class='ocrx_word' id='word_1_34' title='bbox 235 990 495 1056; x_wconf 77' lang='lat' dir='ltr'>commendatum</span> <span class='ocrx_word' id='word_1_35' title='bbox 520 991 582 1055; x_wconf 87' lang='lat' dir='ltr'>tibi</span> <span class='ocrx_word' id='word_1_36' title='bbox 610 1012 688 1056; x_wconf 86' lang='lat' dir='ltr'>eum</span> <span class='ocrx_word' id='word_1_37' title='bbox 717 991 899 1056; x_wconf 80' lang='lat' dir='ltr'>arbitrabar</span> <span class='ocrx_word' id='word_1_38' title='bbox 927 992 969 1056; x_wconf 88' lang='lat' dir='ltr'>ab</span> <span class='ocrx_word' id='word_1_39' title='bbox 996 993 1072 1076; x_wconf 75' lang='lat' dir='ltr'>ipso</span> 
     </span>
     <span class='ocr_line' id='line_1_8' title="bbox 114 1079 1072 1165; baseline 0.001 -22"><span class='ocrx_word' id='word_1_40' title='bbox 114 1101 205 1144; x_wconf 86' lang='lat' dir='ltr'>more</span> <span class='ocrx_word' id='word_1_41' title='bbox 227 1079 395 1163; x_wconf 87' lang='lat' dir='ltr'>maiorum,</span> <span class='ocrx_word' id='word_1_42' title='bbox 418 1080 482 1163; x_wconf 90' lang='lat' dir='ltr'>qui,</span> <span class='ocrx_word' id='word_1_43' title='bbox 504 1082 542 1143; x_wconf 79' lang='lat' dir='ltr'>ut</span> <span class='ocrx_word' id='word_1_44' title='bbox 562 1082 595 1143; x_wconf 87' lang='lat' dir='ltr'>te</span> <span class='ocrx_word' id='word_1_45' title='bbox 618 1101 686 1144; x_wconf 86' lang='lat' dir='ltr'>non</span> <span class='ocrx_word' id='word_1_46' title='bbox 703 1079 798 1165; x_wconf 73' lang='lat' dir='ltr'>fugit,</span> <span class='ocrx_word' id='word_1_47' title='bbox 818 1079 904 1144; x_wconf 79' lang='lat' dir='ltr'>bane</span> <span class='ocrx_word' id='word_1_48' title='bbox 923 1083 1072 1163; x_wconf 83' lang='lat' dir='ltr'>quaestu·</span> 
     </span>
     <span class='ocr_line' id='line_1_9' title="bbox 113 1167 1073 1252; baseline 0 -20"><span class='ocrx_word' id='word_1_49' title='bbox 113 1189 171 1232; x_wconf 82' lang='lat' dir='ltr'>rae</span> <span class='ocrx_word' id='word_1_50' title='bbox 186 1168 447 1233; x_wconf 80' lang='lat' dir='ltr'>eoniunotionem</span> <span class='ocrx_word' id='word_1_51' title='bbox 458 1167 634 1232; x_wconf 84' lang='lat' dir='ltr'>liberorum</span> <span class='ocrx_word' id='word_1_52' title='bbox 649 1168 880 1233; x_wconf 82' lang='lat' dir='ltr'>nenessitudini</span> <span class='ocrx_word' id='word_1_53' title='bbox 892 1168 1073 1252; x_wconf 80' lang='lat' dir='ltr'>proximam</span> 
     </span>
     <span class='ocr_line' id='line_1_10' title="bbox 114 1256 1074 1340; baseline 0 -20"><span class='ocrx_word' id='word_1_54' title='bbox 114 1256 220 1320; x_wconf 87' lang='lat' dir='ltr'>voluit</span> <span class='ocrx_word' id='word_1_55' title='bbox 248 1277 333 1340; x_wconf 69' lang='lat' dir='ltr'>esse,</span> <span class='ocrx_word' id='word_1_56' title='bbox 365 1256 434 1340; x_wconf 85' lang='lat' dir='ltr'>sed,</span> <span class='ocrx_word' id='word_1_57' title='bbox 465 1279 565 1340; x_wconf 89' lang='lat' dir='ltr'>quum</span> <span class='ocrx_word' id='word_1_58' title='bbox 590 1256 653 1320; x_wconf 82' lang='lat' dir='ltr'>sibi</span> <span class='ocrx_word' id='word_1_59' title='bbox 676 1257 726 1320; x_wconf 83' lang='lat' dir='ltr'>ita</span> <span class='ocrx_word' id='word_1_60' title='bbox 752 1256 965 1340; x_wconf 78' lang='lat' dir='ltr'>persuasisset</span> <span class='ocrx_word' id='word_1_61' title='bbox 994 1257 1074 1340; x_wconf 83' lang='lat' dir='ltr'>ipse,</span> 
     </span>
     <span class='ocr_line' id='line_1_11' title="bbox 116 1344 1073 1429; baseline 0 -21"><span class='ocrx_word' id='word_1_62' title='bbox 116 1365 205 1410; x_wconf 86' lang='lat' dir='ltr'>meas</span> <span class='ocrx_word' id='word_1_63' title='bbox 223 1345 262 1410; x_wconf 88' lang='lat' dir='ltr'>de</span> <span class='ocrx_word' id='word_1_64' title='bbox 281 1367 316 1409; x_wconf 91' lang='lat' dir='ltr'>se</span> <span class='ocrx_word' id='word_1_65' title='bbox 334 1349 482 1410; x_wconf 77' lang='lat' dir='ltr'>accurate</span> <span class='ocrx_word' id='word_1_66' title='bbox 500 1345 637 1428; x_wconf 72' lang='lat' dir='ltr'>scriptas</span> <span class='ocrx_word' id='word_1_67' title='bbox 655 1345 780 1410; x_wconf 77' lang='lat' dir='ltr'>litteras</span> <span class='ocrx_word' id='word_1_68' title='bbox 792 1345 969 1410; x_wconf 75' lang='lat' dir='ltr'>maximum</span> <span class='ocrx_word' id='word_1_69' title='bbox 985 1344 1073 1429; x_wconf 80' lang='lat' dir='ltr'>apud</span> 
     </span>
     <span class='ocr_line' id='line_1_12' title="bbox 111 1433 1073 1518; baseline 0 -21"><span class='ocrx_word' id='word_1_70' title='bbox 111 1435 150 1496; x_wconf 84' lang='lat' dir='ltr'>te</span> <span class='ocrx_word' id='word_1_71' title='bbox 168 1433 295 1516; x_wconf 89' lang='lat' dir='ltr'>pondus</span> <span class='ocrx_word' id='word_1_72' title='bbox 313 1433 489 1518; x_wconf 78' lang='lat' dir='ltr'>hebitums,</span> <span class='ocrx_word' id='word_1_73' title='bbox 512 1456 532 1497; x_wconf 90' lang='lat' dir='ltr'>a</span> <span class='ocrx_word' id='word_1_74' title='bbox 547 1455 663 1517; x_wconf 84' lang='lat' dir='ltr'>meque</span> <span class='ocrx_word' id='word_1_75' title='bbox 676 1433 899 1518; x_wconf 82' lang='lat' dir='ltr'>oontendenet,</span> <span class='ocrx_word' id='word_1_76' title='bbox 919 1436 958 1498; x_wconf 89' lang='lat' dir='ltr'>ut</span> <span class='ocrx_word' id='word_1_77' title='bbox 972 1455 1073 1517; x_wconf 35' lang='lat' dir='ltr'>*quum</span> 
     </span>
     <span class='ocr_line' id='line_1_13' title="bbox 111 1519 1072 1608; baseline -0.001 -22"><span class='ocrx_word' id='word_1_78' title='bbox 111 1519 362 1606; x_wconf 78' lang='lat' dir='ltr'>diligentissime</span> <span class='ocrx_word' id='word_1_79' title='bbox 394 1523 579 1606; x_wconf 75' lang='lat' dir='ltr'>seriberem,</span> <span class='ocrx_word' id='word_1_80' title='bbox 604 1523 705 1588; x_wconf 79' lang='lat' dir='ltr'>malm</span> <span class='ocrx_word' id='word_1_81' title='bbox 726 1523 846 1608; x_wconf 86' lang='lat' dir='ltr'>fauere,</span> <span class='ocrx_word' id='word_1_82' title='bbox 870 1522 959 1606; x_wconf 83' lang='lat' dir='ltr'>quod</span> <span class='ocrx_word' id='word_1_83' title='bbox 981 1542 1072 1586; x_wconf 87' lang='lat' dir='ltr'>meus</span> 
     </span>
     <span class='ocr_line' id='line_1_14' title="bbox 116 1608 1108 1696; baseline -0.001 -23"><span class='ocrx_word' id='word_1_84' title='bbox 116 1608 285 1674; x_wconf 78' lang='lat' dir='ltr'>familiaris</span> <span class='ocrx_word' id='word_1_85' title='bbox 308 1611 393 1675; x_wconf 81' lang='lat' dir='ltr'>tanti</span> <span class='ocrx_word' id='word_1_86' title='bbox 420 1632 478 1675; x_wconf 90' lang='lat' dir='ltr'>sua</span> <span class='ocrx_word' id='word_1_87' title='bbox 498 1611 654 1676; x_wconf 82' lang='lat' dir='ltr'>interesse</span> <span class='ocrx_word' id='word_1_88' title='bbox 677 1612 901 1677; x_wconf 78' lang='lat' dir='ltr'>arbitraretm.</span> <span class='ocrx_word' id='word_1_89' title='bbox 945 1609 993 1676; x_wconf 87' lang='lat' dir='ltr'>Ut</span> <span class='ocrx_word' id='word_1_90' title='bbox 1013 1611 1108 1696; x_wconf 75' lang='lat' dir='ltr'>igi-n</span> 
     </span>
     <span class='ocr_line' id='line_1_15' title="bbox 113 1698 1074 1784; baseline 0 -22"><span class='ocrx_word' id='word_1_91' title='bbox 113 1701 172 1762; x_wconf 88' lang='lat' dir='ltr'>tur</span> <span class='ocrx_word' id='word_1_92' title='bbox 194 1698 308 1763; x_wconf 89' lang='lat' dir='ltr'>debere</span> <span class='ocrx_word' id='word_1_93' title='bbox 330 1720 382 1764; x_wconf 91' lang='lat' dir='ltr'>me</span> <span class='ocrx_word' id='word_1_94' title='bbox 404 1699 511 1764; x_wconf 78' lang='lat' dir='ltr'>faeere</span> <span class='ocrx_word' id='word_1_95' title='bbox 532 1699 596 1763; x_wconf 87' lang='lat' dir='ltr'>hoo</span> <span class='ocrx_word' id='word_1_96' title='bbox 617 1700 790 1784; x_wconf 79' lang='lat' dir='ltr'>intelligas,</span> <span class='ocrx_word' id='word_1_97' title='bbox 812 1721 912 1784; x_wconf 87' lang='lat' dir='ltr'>quum</span> <span class='ocrx_word' id='word_1_98' title='bbox 934 1699 1074 1783; x_wconf 78' lang='lat' dir='ltr'>primum</span> 
     </span>
     <span class='ocr_line' id='line_1_16' title="bbox 117 1781 1157 1870; baseline 0 -20"><span class='ocrx_word' id='word_1_99' title='bbox 117 1783 162 1849; x_wconf 90' lang='lat' dir='ltr'>M.</span> <span class='ocrx_word' id='word_1_100' title='bbox 176 1785 345 1850; x_wconf 76' lang='lat' dir='ltr'><strong>Terentius</strong></span> <span class='ocrx_word' id='word_1_101' title='bbox 364 1787 399 1850; x_wconf 93' lang='lat' dir='ltr'>in</span> <span class='ocrx_word' id='word_1_102' title='bbox 416 1787 525 1851; x_wconf 87' lang='lat' dir='ltr'>forum</span> <span class='ocrx_word' id='word_1_103' title='bbox 545 1787 642 1870; x_wconf 88' lang='lat' dir='ltr'>venit,</span> <span class='ocrx_word' id='word_1_104' title='bbox 664 1786 705 1850; x_wconf 86' lang='lat' dir='ltr'>ed</span> <span class='ocrx_word' id='word_1_105' title='bbox 724 1781 898 1851; x_wconf 79' lang='lat' dir='ltr'>amicitiam</span> <span class='ocrx_word' id='word_1_106' title='bbox 916 1808 950 1851; x_wconf 89' lang='lat' dir='ltr'>se</span> <span class='ocrx_word' id='word_1_107' title='bbox 968 1808 1074 1852; x_wconf 90' lang='lat' dir='ltr'>meam</span> <span class='ocrx_word' id='word_1_108' title='bbox 1154 1864 1157 1870; x_wconf 25' lang='grc' dir='ltr'>Ι</span> 
     </span>
     <span class='ocr_line' id='line_1_17' title="bbox 115 1874 1074 1958; baseline 0.002 -22"><span class='ocrx_word' id='word_1_109' title='bbox 115 1874 269 1958; x_wconf 71' lang='lat' dir='ltr'>eontulit,</span> <span class='ocrx_word' id='word_1_110' title='bbox 297 1874 425 1957; x_wconf 88' lang='lat' dir='ltr'>deinde,</span> <span class='ocrx_word' id='word_1_111' title='bbox 455 1877 494 1938; x_wconf 90' lang='lat' dir='ltr'>ut</span> <span class='ocrx_word' id='word_1_112' title='bbox 519 1894 554 1938; x_wconf 86' lang='lat' dir='ltr'>se</span> <span class='ocrx_word' id='word_1_113' title='bbox 581 1874 814 1958; x_wconf 78' lang='lat' dir='ltr'>corroboravit,</span> <span class='ocrx_word' id='word_1_114' title='bbox 845 1874 927 1938; x_wconf 84' lang='lat' dir='ltr'>duae</span> <span class='ocrx_word' id='word_1_115' title='bbox 959 1894 1074 1938; x_wconf 80' lang='lat' dir='ltr'>causae</span> 
     </span>
     <span class='ocr_line' id='line_1_18' title="bbox 113 1961 1072 2045; baseline 0.002 -21"><span class='ocrx_word' id='word_1_116' title='bbox 113 1965 335 2045; x_wconf 74' lang='lat' dir='ltr'>accesserunt,</span> <span class='ocrx_word' id='word_1_117' title='bbox 370 1983 453 2045; x_wconf 85' lang='lat' dir='ltr'>quae</span> <span class='ocrx_word' id='word_1_118' title='bbox 483 1981 589 2026; x_wconf 85' lang='lat' dir='ltr'>meam</span> <span class='ocrx_word' id='word_1_119' title='bbox 619 1961 655 2024; x_wconf 93' lang='lat' dir='ltr'>in</span> <span class='ocrx_word' id='word_1_120' title='bbox 689 1961 782 2025; x_wconf 87' lang='lat' dir='ltr'>illum</span> <span class='ocrx_word' id='word_1_121' title='bbox 816 1961 1072 2026; x_wconf 74' lang='lat' dir='ltr'>benevolentiam</span> 
     </span>
     <span class='ocr_line' id='line_1_19' title="bbox 113 2048 1074 2134; baseline 0.001 -22"><span class='ocrx_word' id='word_1_122' title='bbox 113 2052 289 2134; x_wconf 82' lang='lat' dir='ltr'>augerent:</span> <span class='ocrx_word' id='word_1_123' title='bbox 311 2069 387 2133; x_wconf 92' lang='lat' dir='ltr'>una,</span> <span class='ocrx_word' id='word_1_124' title='bbox 404 2048 491 2132; x_wconf 88' lang='lat' dir='ltr'>quod</span> <span class='ocrx_word' id='word_1_125' title='bbox 504 2049 692 2112; x_wconf 76' lang='lat' dir='ltr'>versabatur</span> <span class='ocrx_word' id='word_1_126' title='bbox 705 2049 740 2111; x_wconf 93' lang='lat' dir='ltr'>in</span> <span class='ocrx_word' id='word_1_127' title='bbox 752 2048 816 2113; x_wconf 90' lang='lat' dir='ltr'>hoe</span> <span class='ocrx_word' id='word_1_128' title='bbox 831 2049 938 2114; x_wconf 86' lang='lat' dir='ltr'>studio</span> <span class='ocrx_word' id='word_1_129' title='bbox 952 2052 1074 2132; x_wconf 85' lang='lat' dir='ltr'>nostro,</span> 
     </span>
     <span class='ocr_line' id='line_1_20' title="bbox 112 2135 1073 2222; baseline 0.001 -22"><span class='ocrx_word' id='word_1_130' title='bbox 112 2158 183 2220; x_wconf 90' lang='lat' dir='ltr'>-quo</span> <span class='ocrx_word' id='word_1_131' title='bbox 206 2137 305 2200; x_wconf 88' lang='lat' dir='ltr'>etiam</span> <span class='ocrx_word' id='word_1_132' title='bbox 326 2156 414 2200; x_wconf 89' lang='lat' dir='ltr'>nune</span> <span class='ocrx_word' id='word_1_133' title='bbox 435 2135 572 2199; x_wconf 82' lang='lat' dir='ltr'>maxime</span> <span class='ocrx_word' id='word_1_134' title='bbox 595 2136 802 2219; x_wconf 73' lang='lat' dir='ltr'>delectamur,</span> <span class='ocrx_word' id='word_1_135' title='bbox 830 2141 863 2200; x_wconf 90' lang='lat' dir='ltr'>et</span> <span class='ocrx_word' id='word_1_136' title='bbox 889 2158 963 2202; x_wconf 88' lang='lat' dir='ltr'>eum</span> <span class='ocrx_word' id='word_1_137' title='bbox 984 2138 1073 2222; x_wconf 85' lang='lat' dir='ltr'>inge·</span> 
     </span>
     <span class='ocr_line' id='line_1_21' title="bbox 116 2223 1074 2308; baseline 0 -20"><span class='ocrx_word' id='word_1_138' title='bbox 116 2223 185 2306; x_wconf 82' lang='lat' dir='ltr'>nio,</span> <span class='ocrx_word' id='word_1_139' title='bbox 207 2226 245 2287; x_wconf 86' lang='lat' dir='ltr'>ut</span> <span class='ocrx_word' id='word_1_140' title='bbox 266 2223 363 2306; x_wconf 82' lang='lat' dir='ltr'>nosti,</span> <span class='ocrx_word' id='word_1_141' title='bbox 385 2244 445 2288; x_wconf 83' lang='lat' dir='ltr'>nse</span> <span class='ocrx_word' id='word_1_142' title='bbox 467 2223 538 2288; x_wconf 87' lang='lat' dir='ltr'>sine</span> <span class='ocrx_word' id='word_1_143' title='bbox 557 2223 731 2307; x_wconf 80' lang='lat' dir='ltr'>industrie3</span> <span class='ocrx_word' id='word_1_144' title='bbox 754 2224 877 2308; x_wconf 82' lang='lat' dir='ltr'>deinde,</span> <span class='ocrx_word' id='word_1_145' title='bbox 900 2225 986 2307; x_wconf 87' lang='lat' dir='ltr'>quod</span> <span class='ocrx_word' id='word_1_146' title='bbox 1008 2246 1074 2288; x_wconf 91' lang='lat' dir='ltr'>ma·</span> 
     </span>
     <span class='ocr_line' id='line_1_22' title="bbox 115 2311 1074 2397; baseline 0.002 -23"><span class='ocrx_word' id='word_1_147' title='bbox 115 2314 191 2374; x_wconf 86' lang='lat' dir='ltr'>tura</span> <span class='ocrx_word' id='word_1_148' title='bbox 207 2331 240 2374; x_wconf 87' lang='lat' dir='ltr'>se</span> <span class='ocrx_word' id='word_1_149' title='bbox 255 2311 393 2376; x_wconf 87' lang='lat' dir='ltr'>eontulit</span> <span class='ocrx_word' id='word_1_150' title='bbox 402 2312 438 2376; x_wconf 88' lang='lat' dir='ltr'>in</span> <span class='ocrx_word' id='word_1_151' title='bbox 453 2311 622 2377; x_wconf 67' lang='lat' dir='ltr'>societates</span> <span class='ocrx_word' id='word_1_152' title='bbox 635 2311 890 2397; x_wconf 82' lang='lat' dir='ltr'>publicanorum,</span> <span class='ocrx_word' id='word_1_153' title='bbox 906 2313 992 2396; x_wconf 83' lang='lat' dir='ltr'>quod</span> <span class='ocrx_word' id='word_1_154' title='bbox 1006 2314 1074 2396; x_wconf 86' lang='lat' dir='ltr'>qui·</span> 
     </span>
     <span class='ocr_line' id='line_1_23' title="bbox 114 2399 1074 2486; baseline 0.003 -23"><span class='ocrx_word' id='word_1_155' title='bbox 114 2399 193 2464; x_wconf 87' lang='lat' dir='ltr'>dem</span> <span class='ocrx_word' id='word_1_156' title='bbox 205 2400 327 2464; x_wconf 92' lang='lat' dir='ltr'>nollem</span> <span class='ocrx_word' id='word_1_157' title='bbox 340 2435 383 2446; x_wconf 89' lang='lat'><em>-</em></span> <span class='ocrx_word' id='word_1_158' title='bbox 395 2399 544 2464; x_wconf 83' lang='lat' dir='ltr'>nmximia</span> <span class='ocrx_word' id='word_1_159' title='bbox 560 2401 648 2465; x_wconf 90' lang='lat' dir='ltr'>enim</span> <span class='ocrx_word' id='word_1_160' title='bbox 662 2401 788 2466; x_wconf 89' lang='lat' dir='ltr'>demnis</span> <span class='ocrx_word' id='word_1_161' title='bbox 807 2401 939 2466; x_wconf 84' lang='lat' dir='ltr'>affeebus</span> <span class='ocrx_word' id='word_1_162' title='bbox 954 2405 1004 2466; x_wconf 86' lang='lat' dir='ltr'>est</span> <span class='ocrx_word' id='word_1_163' title='bbox 1017 2436 1074 2486; x_wconf 83' lang='lat'>-,</span> 
     </span>
     <span class='ocr_line' id='line_1_24' title="bbox 117 2486 1074 2562; baseline 0.002 -10"><span class='ocrx_word' id='word_1_164' title='bbox 117 2486 175 2552; x_wconf 88' lang='lat' dir='ltr'>sed</span> <span class='ocrx_word' id='word_1_165' title='bbox 197 2490 308 2552; x_wconf 84' lang='lat' dir='ltr'>tamen</span> <span class='ocrx_word' id='word_1_166' title='bbox 328 2508 425 2554; x_wconf 79' lang='lat' dir='ltr'>eausa</span> <span class='ocrx_word' id='word_1_167' title='bbox 451 2490 630 2554; x_wconf 83' lang='lat' dir='ltr'>eommunis</span> <span class='ocrx_word' id='word_1_168' title='bbox 658 2489 780 2554; x_wconf 85' lang='lat' dir='ltr'>ordinis</span> <span class='ocrx_word' id='word_1_169' title='bbox 806 2489 886 2562; x_wconf 82' lang='lat' dir='ltr'>mibi</span> <span class='ocrx_word' id='word_1_170' title='bbox 914 2511 1074 2556; x_wconf 81' lang='lat' dir='ltr'>eommun-</span> 
     </span>
     <span class='ocr_line' id='line_1_25' title="bbox 114 2575 1074 2662; baseline 0.005 -23"><span class='ocrx_word' id='word_1_171' title='bbox 114 2575 278 2640; x_wconf 79' lang='lat' dir='ltr'>detiseimi</span> <span class='ocrx_word' id='word_1_172' title='bbox 299 2577 377 2641; x_wconf 79' lang='lat' dir='ltr'>feeit</span> <span class='ocrx_word' id='word_1_173' title='bbox 395 2577 569 2642; x_wconf 80' lang='lat' dir='ltr'>amicitiam</span> <span class='ocrx_word' id='word_1_174' title='bbox 585 2581 732 2644; x_wconf 79' lang='lat' dir='ltr'>nostram</span> <span class='ocrx_word' id='word_1_175' title='bbox 749 2579 936 2662; x_wconf 64' lang='lat' dir='ltr'>firmiorem</span> <span class='ocrx_word' id='word_1_176' title='bbox 959 2579 1074 2644; x_wconf 84' lang='lat' dir='ltr'>deinde</span> 
     </span>
     <span class='ocr_line' id='line_1_26' title="bbox 116 2665 1076 2751; baseline 0.004 -23"><span class='ocrx_word' id='word_1_177' title='bbox 116 2668 264 2729; x_wconf 73' lang='lat' dir='ltr'>versatus</span> <span class='ocrx_word' id='word_1_178' title='bbox 296 2665 332 2729; x_wconf 91' lang='lat' dir='ltr'>in</span> <span class='ocrx_word' id='word_1_179' title='bbox 362 2665 506 2749; x_wconf 85' lang='lat' dir='ltr'>utrisque</span> <span class='ocrx_word' id='word_1_180' title='bbox 538 2666 697 2732; x_wconf 77' lang='lat' dir='ltr'>subselliis</span> <span class='ocrx_word' id='word_1_181' title='bbox 725 2668 853 2751; x_wconf 78' lang='lat' dir='ltr'>optima</span> <span class='ocrx_word' id='word_1_182' title='bbox 884 2670 917 2731; x_wconf 86' lang='lat' dir='ltr'>et</span> <span class='ocrx_word' id='word_1_183' title='bbox 946 2667 1010 2732; x_wconf 87' lang='lat' dir='ltr'>lide</span> <span class='ocrx_word' id='word_1_184' title='bbox 1042 2671 1076 2732; x_wconf 88' lang='lat' dir='ltr'>et</span> 
     </span>
     <span class='ocr_line' id='line_1_27' title="bbox 118 2751 1074 2840; baseline 0.005 -24"><span class='ocrx_word' id='word_1_185' title='bbox 118 2751 207 2816; x_wconf 81' lang='lat' dir='ltr'>fame</span> <span class='ocrx_word' id='word_1_186' title='bbox 222 2753 290 2818; x_wconf 87' lang='lat' dir='ltr'>iam</span> <span class='ocrx_word' id='word_1_187' title='bbox 305 2756 384 2818; x_wconf 83' lang='lat' dir='ltr'>ante</span> <span class='ocrx_word' id='word_1_188' title='bbox 401 2754 487 2818; x_wconf 87' lang='lat' dir='ltr'>hane</span> <span class='ocrx_word' id='word_1_189' title='bbox 501 2755 786 2820; x_wconf 76' lang='lat' dir='ltr'>commutationem</span> <span class='ocrx_word' id='word_1_190' title='bbox 799 2754 1006 2838; x_wconf 81' lang='lat' dir='ltr'>reipublicae</span> <span class='ocrx_word' id='word_1_191' title='bbox 1019 2777 1074 2840; x_wconf 78' lang='lat' dir='ltr'>pe</span> 
     </span>
     <span class='ocr_line' id='line_1_28' title="bbox 115 2839 1074 2927; baseline 0.005 -23"><span class='ocrx_word' id='word_1_192' title='bbox 115 2839 230 2905; x_wconf 76' lang='lat' dir='ltr'>titiani</span> <span class='ocrx_word' id='word_1_193' title='bbox 252 2862 321 2906; x_wconf 82' lang='lat' dir='ltr'>sese</span> <span class='ocrx_word' id='word_1_194' title='bbox 344 2841 433 2907; x_wconf 84' lang='lat' dir='ltr'>dedit</span> <span class='ocrx_word' id='word_1_195' title='bbox 449 2843 668 2927; x_wconf 84' lang='lat' dir='ltr'>honoremque</span> <span class='ocrx_word' id='word_1_196' title='bbox 685 2843 950 2908; x_wconf 77' lang='lat' dir='ltr'>honestissimum</span> <span class='ocrx_word' id='word_1_197' title='bbox 966 2844 1074 2909; x_wconf 83' lang='lat' dir='ltr'>existi·</span> 
     </span>
     <span class='ocr_line' id='line_1_29' title="bbox 116 2929 1109 3016; baseline 0.001 -24"><span class='ocrx_word' id='word_1_198' title='bbox 116 2929 221 2992; x_wconf 83' lang='lat' dir='ltr'>mavit</span> <span class='ocrx_word' id='word_1_199' title='bbox 250 2929 392 2996; x_wconf 78' lang='lat' dir='ltr'>fruebim</span> <span class='ocrx_word' id='word_1_200' title='bbox 418 2931 539 2996; x_wconf 84' lang='lat' dir='ltr'>laboris</span> <span class='ocrx_word' id='word_1_201' title='bbox 566 2931 628 3014; x_wconf 81' lang='lat' dir='ltr'>sui3</span> <span class='ocrx_word' id='word_1_202' title='bbox 659 2931 711 2996; x_wconf 86' lang='lat' dir='ltr'>his</span> <span class='ocrx_word' id='word_1_203' title='bbox 738 2935 847 2996; x_wconf 82' lang='lat' dir='ltr'>autem</span> <span class='ocrx_word' id='word_1_204' title='bbox 872 2933 1109 3016; x_wconf 80' lang='lat' dir='ltr'>temporibusa</span> 
     </span>
     <span class='ocr_line' id='line_1_30' title="bbox 76 3016 1075 3104; baseline 0.005 -25"><span class='ocrx_word' id='word_1_205' title='bbox 76 3091 80 3099; x_wconf 26' lang='lat'>¹</span> <span class='ocrx_word' id='word_1_206' title='bbox 115 3037 140 3080; x_wconf 87' lang='lat' dir='ltr'>a</span> <span class='ocrx_word' id='word_1_207' title='bbox 161 3037 213 3081; x_wconf 86' lang='lat' dir='ltr'>me</span> <span class='ocrx_word' id='word_1_208' title='bbox 236 3016 409 3084; x_wconf 76' lang='lat' dir='ltr'>Brundisio</span> <span class='ocrx_word' id='word_1_209' title='bbox 432 3041 506 3085; x_wconf 87' lang='lat' dir='ltr'>oum</span> <span class='ocrx_word' id='word_1_210' title='bbox 526 3020 644 3085; x_wconf 82' lang='lat' dir='ltr'>litteris</span> <span class='ocrx_word' id='word_1_211' title='bbox 670 3023 705 3085; x_wconf 89' lang='lat' dir='ltr'>et</span> <span class='ocrx_word' id='word_1_212' title='bbox 726 3020 888 3085; x_wconf 87' lang='lat' dir='ltr'>mandatis</span> <span class='ocrx_word' id='word_1_213' title='bbox 908 3021 1075 3104; x_wconf 79' lang='lat' dir='ltr'>profectus</span> 
     </span>
     <span class='ocr_line' id='line_1_31' title="bbox 113 3101 1075 3193; baseline 0.004 -25"><span class='ocrx_word' id='word_1_214' title='bbox 113 3103 161 3168; x_wconf 88' lang='lat' dir='ltr'>ad</span> <span class='ocrx_word' id='word_1_215' title='bbox 193 3101 363 3172; x_wconf 77' lang='lat' dir='ltr'>Caesarem</span> <span class='ocrx_word' id='word_1_216' title='bbox 391 3110 455 3193; x_wconf 85' lang='lat' dir='ltr'>est,</span> <span class='ocrx_word' id='word_1_217' title='bbox 486 3129 551 3192; x_wconf 88' lang='lat' dir='ltr'>qua</span> <span class='ocrx_word' id='word_1_218' title='bbox 581 3109 617 3172; x_wconf 91' lang='lat' dir='ltr'>in</span> <span class='ocrx_word' id='word_1_219' title='bbox 644 3130 681 3174; x_wconf 76' lang='lat' dir='ltr'>ue</span> <span class='ocrx_word' id='word_1_220' title='bbox 713 3113 747 3173; x_wconf 88' lang='lat' dir='ltr'>et</span> <span class='ocrx_word' id='word_1_221' title='bbox 773 3129 915 3174; x_wconf 79' lang='lat' dir='ltr'>amonem</span> <span class='ocrx_word' id='word_1_222' title='bbox 943 3109 1013 3174; x_wconf 88' lang='lat' dir='ltr'>eius</span> <span class='ocrx_word' id='word_1_223' title='bbox 1038 3110 1075 3172; x_wconf 93' lang='lat' dir='ltr'>in</span> 
     </span>
    </p>
   </div>
   <div class='ocr_carea' id='block_1_6' title="bbox 1 3194 1075 3281">
    <p class='ocr_par' dir='ltr' id='par_1_6' title="bbox 1 3194 1075 3281">
     <span class='ocr_line' id='line_1_32' title="bbox 1 3194 1075 3281; baseline 0.004 -24"><span class='ocrx_word' id='word_1_224' title='bbox 1 3259 2 3270; x_wconf 29' lang='lat'>2</span> <span class='ocrx_word' id='word_1_225' title='bbox 117 3194 323 3278; x_wconf 79' lang='lat' dir='ltr'>suscipiendo</span> <span class='ocrx_word' id='word_1_226' title='bbox 349 3197 483 3281; x_wconf 82' lang='lat' dir='ltr'>negotio</span> <span class='ocrx_word' id='word_1_227' title='bbox 510 3197 659 3280; x_wconf 80' lang='lat' dir='ltr'>perspexi</span> <span class='ocrx_word' id='word_1_228' title='bbox 685 3201 719 3262; x_wconf 86' lang='lat' dir='ltr'>et</span> <span class='ocrx_word' id='word_1_229' title='bbox 744 3197 781 3262; x_wconf 89' lang='lat' dir='ltr'>in</span> <span class='ocrx_word' id='word_1_230' title='bbox 807 3197 1013 3262; x_wconf 78' lang='lat' dir='ltr'>conficiendo·</span> <span class='ocrx_word' id='word_1_231' title='bbox 1035 3217 1075 3261; x_wconf 86' lang='lat' dir='ltr'>ao</span> 
     </span>
    </p>
   </div>
   <div class='ocr_carea' id='block_1_7' title="bbox 113 3281 1076 3635">
    <p class='ocr_par' dir='ltr' id='par_1_7' title="bbox 113 3281 1076 3635">
     <span class='ocr_line' id='line_1_33' title="bbox 116 3281 1075 3369; baseline 0.004 -23"><span class='ocrx_word' id='word_1_232' title='bbox 116 3281 334 3348; x_wconf 77' lang='lat' dir='ltr'>renuntiando</span> <span class='ocrx_word' id='word_1_233' title='bbox 357 3284 461 3348; x_wconf 87' lang='lat' dir='ltr'>fidem.</span> <span class='ocrx_word' id='word_1_234' title='bbox 506 3283 629 3350; x_wconf 81' lang='lat' dir='ltr'>Videor</span> <span class='ocrx_word' id='word_1_235' title='bbox 653 3285 748 3369; x_wconf 88' lang='lat' dir='ltr'>mihi,</span> <span class='ocrx_word' id='word_1_236' title='bbox 775 3307 874 3369; x_wconf 88' lang='lat' dir='ltr'>quum</span> <span class='ocrx_word' id='word_1_237' title='bbox 901 3286 1075 3368; x_wconf 84' lang='lat' dir='ltr'>separatim</span> 
     </span>
     <span class='ocr_line' id='line_1_34' title="bbox 114 3369 1075 3458; baseline 0.004 -24"><span class='ocrx_word' id='word_1_238' title='bbox 114 3369 158 3434; x_wconf 92' lang='lat' dir='ltr'>de</span> <span class='ocrx_word' id='word_1_239' title='bbox 184 3371 347 3454; x_wconf 86' lang='lat' dir='ltr'>probitate</span> <span class='ocrx_word' id='word_1_240' title='bbox 375 3373 443 3437; x_wconf 87' lang='lat' dir='ltr'>eius</span> <span class='ocrx_word' id='word_1_241' title='bbox 471 3376 504 3437; x_wconf 86' lang='lat' dir='ltr'>et</span> <span class='ocrx_word' id='word_1_242' title='bbox 530 3374 673 3438; x_wconf 89' lang='lat' dir='ltr'>moribus</span> <span class='ocrx_word' id='word_1_243' title='bbox 705 3374 847 3438; x_wconf 86' lang='lat' dir='ltr'>dicturus</span> <span class='ocrx_word' id='word_1_244' title='bbox 874 3373 1020 3458; x_wconf 82' lang='lat' dir='ltr'>fuissem,</span> <span class='ocrx_word' id='word_1_245' title='bbox 1047 3374 1075 3438; x_wconf 90' lang='lat' dir='ltr'>si</span> 
     </span>
     <span class='ocr_line' id='line_1_35' title="bbox 113 3457 1075 3547; baseline 0.005 -26"><span class='ocrx_word' id='word_1_246' title='bbox 113 3457 207 3542; x_wconf 88' lang='lat' dir='ltr'>prius</span> <span class='ocrx_word' id='word_1_247' title='bbox 231 3481 375 3545; x_wconf 85' lang='lat' dir='ltr'>eausam,</span> <span class='ocrx_word' id='word_1_248' title='bbox 398 3482 455 3525; x_wconf 89' lang='lat' dir='ltr'>eur</span> <span class='ocrx_word' id='word_1_249' title='bbox 477 3482 551 3526; x_wconf 91' lang='lat' dir='ltr'>eum</span> <span class='ocrx_word' id='word_1_250' title='bbox 573 3464 666 3527; x_wconf 85' lang='lat' dir='ltr'>tanto</span> <span class='ocrx_word' id='word_1_251' title='bbox 690 3483 785 3546; x_wconf 87' lang='lat' dir='ltr'>opere</span> <span class='ocrx_word' id='word_1_252' title='bbox 808 3462 988 3547; x_wconf 85' lang='lat' dir='ltr'>diligerem,</span> <span class='ocrx_word' id='word_1_253' title='bbox 1013 3461 1075 3526; x_wconf 89' lang='lat' dir='ltr'>tibi</span> 
     </span>
     <span class='ocr_line' id='line_1_36' title="bbox 114 3547 1076 3635; baseline 0.005 -26"><span class='ocrx_word' id='word_1_254' title='bbox 114 3547 351 3634; x_wconf 84' lang='lat' dir='ltr'>exposuissem,</span> <span class='ocrx_word' id='word_1_255' title='bbox 377 3549 413 3613; x_wconf 93' lang='lat' dir='ltr'>in</span> <span class='ocrx_word' id='word_1_256' title='bbox 439 3549 512 3634; x_wconf 88' lang='lat' dir='ltr'>ipsa</span> <span class='ocrx_word' id='word_1_257' title='bbox 539 3569 637 3614; x_wconf 83' lang='lat' dir='ltr'>eausa</span> <span class='ocrx_word' id='word_1_258' title='bbox 658 3550 849 3635; x_wconf 83' lang='lat' dir='ltr'>exponenda</span> <span class='ocrx_word' id='word_1_259' title='bbox 875 3550 954 3614; x_wconf 85' lang='lat' dir='ltr'>satis</span> <span class='ocrx_word' id='word_1_260' title='bbox 976 3551 1076 3615; x_wconf 88' lang='lat' dir='ltr'>etiam</span> 
     </span>
    </p>
   </div>
   <div class='ocr_carea' id='block_1_8' title="bbox 0 0 1322 3986">
    <p class='ocr_par' dir='ltr' id='par_1_8' title="bbox 0 0 1322 3986">
     <span class='ocr_line' id='line_1_37' title="bbox 0 0 1322 3986; baseline 0 0"><span class='ocrx_word' id='word_1_261' title='bbox 0 0 1322 3986; x_wconf 95' lang='lat' dir='ltr'> </span> 
     </span>
    </p>
   </div>
  </div>
 </body>
</html>
