2636 3986
361 277 619 334 EPISTOLARUM
635 278 710 335 xln.
730 285 789 336 er·
801 287 844 336 oi.
1011 281 1080 346 465

120 423 228 490 aditus
242 422 371 504 habeat,
389 443 470 507 quae
489 425 583 485 erunt
601 443 712 507 aequa,
730 423 852 488 libente
869 427 902 488 te
920 423 1079 508 impetret,

120 515 159 576 ut
181 533 287 576 meam
310 509 485 576 amicitiam
508 509 578 592 sibi,
601 510 699 574 etiam
718 533 817 596 quum
834 512 946 594 procul
966 512 1079 594 absim,

120 601 274 684 prodesse
297 598 429 682 sentiat,
451 599 641 683 praesertim
664 600 749 682 apud
770 603 817 665 te:
847 600 909 666 hoe
930 603 963 665 te
985 601 1078 665 rehe-

121 691 250 753 menter
271 687 369 751 etiarn
393 691 489 772 atque
511 688 610 752 etiam
631 707 721 772 rogo.
828 711 832 718 ·

567 879 633 946 LX.

321 940 334 964 .
350 993 407 1050 Ser.
426 995 531 1049 Romae
549 1008 621 1047 anno
640 993 746 1048 incerto
765 994 857 1063 (6982)

290 1116 328 1173 M.
348 1115 476 1172 CICERO
496 1116 524 1171 C.
543 1114 713 1172 MUNATIO
732 1115 760 1171 C.
779 1115 810 1170 l'.
830 1115 906 1172 SAL.

190 1215 225 1282 L.
248 1216 411 1282 Livineius
434 1215 563 1299 Trypho
592 1219 642 1280 est
664 1215 795 1280 omnino
817 1215 853 1281 L.
874 1215 1004 1302 Reguli,
1031 1214 1078 1278 fa·
1099 1229 1112 1277 1

123 1305 335 1371 miliarissimi
366 1304 442 1388 mei,
478 1303 626 1388 libertus,
663 1305 752 1370 cuius
785 1305 950 1369 calamitae
982 1304 1079 1369 etiam

123 1394 347 1459 officiosiorem
374 1413 425 1456 me
454 1391 532 1456 facit
553 1391 589 1457 in
609 1392 701 1456 illum
724 1430 766 1439 —
789 1415 866 1456 nam
888 1392 1079 1458 benevolen-

123 1482 200 1566 tior,
227 1502 324 1567 quam
352 1501 478 1565 semper
499 1480 560 1565 fui,
592 1501 661 1546 esse
688 1502 754 1545 non
781 1502 913 1565 possum
936 1503 993 1564 -3
1022 1479 1079 1545 sed

123 1591 184 1656 ego
203 1570 354 1635 libertum
373 1570 441 1633 eius
459 1589 517 1653 per
535 1590 568 1635 se
586 1569 693 1653 ipsum
711 1569 825 1654 dilig03
849 1591 975 1634 summa
993 1569 1078 1633 enim

123 1660 192 1724 eius
215 1679 292 1746 erga
313 1679 365 1722 me
389 1657 494 1722 officia
516 1658 709 1723 exstiterunt
730 1658 771 1722 iis
789 1659 909 1724 nostris
926 1657 1078 1742 tempori·

122 1749 197 1831 bus,
229 1747 345 1832 quibus
376 1746 527 1810 facillime
559 1746 817 1812 benevolentiam
847 1746 1015 1811 hominum
1047 1749 1080 1810 et

123 1836 218 1900 fidem
246 1834 425 1919 perspicere
452 1833 551 1916 potui.
600 1833 686 1898 Eum
712 1834 774 1898 tibi
804 1835 851 1898 ita
882 1832 1114 1916 commendas

123 1927 160 1989 ut
185 1923 333 1988 homines
361 1921 447 2006 grati
469 1925 502 1985 et
527 1942 684 1986 memores
711 1921 794 1986 bene
823 1923 955 1988 meritos
983 1922 1021 1986 (le
1044 1942 1078 1984 se

123 2012 346 2077 commendare
365 2010 505 2074 debent„
527 2008 717 2094 Pergratum
736 2009 817 2074 mihi
834 2010 956 2094 feceris,
979 2009 1007 2074 si
1025 2009 1078 2073 ille

122 2099 317 2164 intellexerit
339 2119 382 2181 se,
405 2097 491 2182 quod
512 2117 571 2180 pro
596 2098 698 2162 salute
720 2119 793 2163 mea
814 2098 917 2162 multa
938 2097 1080 2182 pericula

123 2188 247 2270 adierit,
270 2206 365 2268 saepe
388 2185 492 2249 hieme
515 2207 641 2250 summa
658 2186 828 2271 navigant,
850 2208 909 2268 pro
927 2189 985 2250 tua
1003 2205 1080 2272 erga

123 2296 175 2340 me
198 2273 422 2340 benevolentia
444 2276 573 2359 gratum
596 2274 694 2338 etiam
715 2273 777 2339 tibi
798 2275 920 2340 fecisse.

560 2466 643 2534 LXI.

386 2580 443 2636 Ser.
461 2581 491 2635 in
510 2575 650 2636 Ciliciae.
669 2597 696 2636 a
714 2597 737 2636 c.
757 2585 818 2636 ³803.

304 2703 342 2760 M.
362 2703 491 2758 CICERO
512 2705 538 2758 S.
557 2705 589 2758 D.
608 2704 639 2759 P.
659 2702 753 2759 SILIO
772 2703 901 2758 PROPR.

189 2800 226 2866 Τ.
249 2801 366 2870 Pinnio
389 2803 638 2868 familiarissime
660 2825 711 2868 me
734 2825 827 2868 usum
851 2825 920 2869 esse
944 2803 1023 2870 seire
1045 2808 1078 2869 te

125 2890 275 2975 arbitror,
310 2892 396 2977 quod
427 2892 556 2977 quidem
586 2891 640 2956 ille
672 2894 865 2956 testamento
897 2892 1078 2978 declararit,

125 2979 179 3066 qui
202 3000 252 3044 me
276 3002 375 3064 quum
396 2984 551 3064 tutorem,
579 2984 649 3044 tum
671 2981 768 3044 etiam
792 2981 966 3046 secundum
988 2981 1077 3046 here-

124 3068 195 3133 dem
213 3068 396 3133 instituerit.
432 3069 512 3133 Eius
531 3069 596 3134 filio
615 3070 676 3132 mei
693 3069 774 3133 mire
795 3069 938 3134 studioso
957 3073 989 3133 et
1008 3091 1077 3133 ern-

124 3156 191 3221 dito
214 3158 248 3219 et
269 3156 415 3220 modesto
437 3158 606 3241 pecuniam
628 3155 823 3222 Nicaeenses
847 3158 1002 3240 grandem
1025 3157 1077 3221 de·

123 3245 208 3328 bent,
231 3243 273 3308 ed
292 3245 474 3310 sestertium
494 3246 644 3330 octogies,
667 3249 708 3330 et,
730 3249 767 3310 ut
785 3245 889 3330 audio,
911 3247 947 3308 in
964 3245 1077 3331 primis

191 3473 244 3543 Ep.
263 3479 306 3528 69.
334 3473 411 3542 apae
429 3476 466 3527 te:
484 3473 533 3526 boc
551 3473 666 3543 (vulgo).
703 3491 729 3527 a.
747 3477 782 3556 te,
800 3473 849 3526 boc
866 3473 896 3526 B.
933 3473 1076 3542 Ep.60,1.

123 3544 352 3684 mlmsia'
361 3558 576 3669 miliia]
587 3545 909 3684 ir‘ilwsl'allallmes
920 3543 1077 3684 'irlafil

175 3703 288 3746 Ciceroni·
302 3704 365 3774 epist.
380 3705 399 3744 L
828 3709 863 3756 30
