2658 3986
392 255 651 312 EPISTOLARUM
670 256 729 311 VII.
749 261 826 312 3-5.
1026 254 1088 319 199

577 505 635 572 IV.

393 618 449 675 Sor.
465 619 495 672 in
509 619 632 674 Cumano
647 603 677 673 a
687 637 713 674 u.
729 635 752 674 c.
768 625 827 674 708.

343 739 380 796 Μ.
409 741 537 799 CICERO
566 743 592 798 S.
619 741 652 797 D.
679 741 717 798 Μ.
745 741 871 798 MARIO.

197 840 238 907 A.
259 841 288 906 d.
312 855 400 906 V1111.
419 841 491 907 Kal.
514 843 549 907 in
567 840 749 908 Cumanum
771 842 846 908 veni
868 863 942 908 cum
964 839 1089 908 Libone
1109 852 1120 903 ι

128 934 188 996 tuo
211 931 263 996 vel
285 933 398 996 nostro
426 931 548 1015 potius3
577 932 613 996 in
639 930 873 1016 Pompeianum
899 931 1010 996 statim
1038 953 1090 996 co·

130 1019 211 1106 gito,
233 1019 290 1084 sed
312 1019 431 1084 faciam
453 1023 528 1084 ante
551 1023 584 1084 te
607 1020 784 1085 certiorem.
822 1019 867 1084 Te
886 1041 986 1103 quum
1008 1041 1089 1085 sem-

129 1129 189 1193 per
211 1107 318 1173 velere
341 1109 446 1192 cupio,
467 1111 539 1173 turn
561 1111 656 1192 certe,
678 1108 756 1173 dum
777 1107 831 1172 hic
854 1129 978 1191 sumus3
1000 1107 1089 1172 vides

130 1196 233 1281 enim,
264 1199 386 1280 quanto
417 1200 494 1281 post
524 1218 591 1261 una
620 1197 723 1263 futuri
754 1196 863 1261 simus.
912 1195 1031 1282 Quare,
1062 1196 1091 1260 si

130 1285 220 1369 quod
247 1285 461 1350 constitutum
487 1306 561 1350 eum
587 1285 733 1370 podagra
758 1285 873 1369 habes,
899 1285 965 1370 fac,
991 1287 1028 1349 ut
1054 1284 1090 1348 in

130 1373 233 1438 aliurn
255 1372 341 1438 diem
363 1372 501 1439 differas.
528 1371 632 1439 -Qura
654 1374 763 1460 igitur,
784 1376 822 1440 ut
844 1374 962 1460 valeas,
984 1377 1016 1439 et
1038 1393 1090 1438 me

130 1461 194 1527 hoc
217 1461 316 1526 biduo
340 1465 398 1527 aut
419 1463 527 1528 triduo
551 1467 709 1549 exspecta.

588 1656 628 1722 V.

297 1765 354 1824 Ser.
373 1767 479 1824 Itomae
499 1785 593 1824 mense
611 1769 714 1824 Martio
733 1785 757 1822 a.
777 1787 804 1822 u.
824 1786 846 1824 c.
867 1773 927 1824 700.

364 1891 492 1950 CICERO
512 1893 666 1948 CAESARI
684 1893 758 1947 IMP.
777 1892 804 1947 S.
822 1893 856 1946 D.

199 1989 306 2077 Vide,
324 2014 422 2076 quam
444 1993 524 2058 mihi
546 1993 761 2078 persuaserim
786 1995 820 2057 te
842 2013 893 2056 me
921 2013 991 2058 esse
1014 1993 1126 2056 alte-1

132 2102 207 2145 rum
233 2103 302 2146 non
328 2081 425 2147 modo
452 2081 488 2146 in
514 2081 555 2146 iis
581 2081 691 2165 rebus,
720 2101 801 2164 quae
829 2079 870 2144 ad
897 2101 949 2145 me
975 2081 1093 2166 ipsum,

132 2169 191 2234 sed
214 2169 313 2236 etiam
334 2170 370 2234 in
392 2169 447 2255 iis,
469 2191 551 2254 quae
575 2169 616 2234 ad
638 2190 727 2234 meos
754 2169 929 2252 pertinent:
958 2165 993 2234 Ο.
1016 2168 1091 2233 Tre-

133 2257 260 2322 batium
282 2259 475 2344 cogitaram,
498 2279 699 2343 quocumque
722 2257 855 2341 exirem,
882 2277 1008 2323 mecum
1035 2257 1092 2322 du·

133 2367 216 2431 cere,
237 2349 277 2412 ut
298 2369 372 2412 eum
394 2348 475 2412 meis
497 2347 648 2413 omnibus
667 2346 792 2432 studiis,
813 2345 976 2431 beneficiio
995 2368 1093 2430 quam

134 2434 378 2500 ornatissimum
402 2435 533 2502 domum
559 2437 758 2520 reducerem3
785 2435 855 2520 sed,
880 2438 1093 2521 posteaquam

133 2527 169 2587 et
190 2522 336 2608 Pompeii
359 2525 569 2590 commoratio
593 2525 775 2590 diuturnior
802 2527 884 2608 erat,
911 2545 1010 2608 quam
1035 2548 1093 2610 pu·
1223 2563 1228 2570 ·

135 2614 255 2697 taram,
283 2615 316 2676 et
337 2633 410 2678 mea
437 2613 594 2697 quaedam
616 2613 677 2678 tibi
699 2634 767 2679 non
792 2613 908 2698 ignota
934 2612 1093 2680 dubitatio

136 2703 194 2764 aut
206 2700 362 2784 impedire
375 2701 609 2786 profectionem
627 2722 733 2766 meam
751 2701 920 2766 videbatur
938 2704 996 2766 eut
1008 2705 1094 2767 certe

135 2789 275 2872 tardare,
297 2788 379 2874 vide,
401 2789 479 2874 quid
500 2790 581 2855 mihi
604 2790 808 2875 sumpserim:
838 2790 930 2874 coepi
951 2791 1033 2856 velle
1057 2811 1096 2856 ea

133 2876 327 2942 *Trebatium
358 2881 542 2963 exspectare
570 2899 590 2943 a
615 2882 661 2962 te,
689 2899 771 2963 quae
798 2881 959 2964 sperasset
988 2901 1008 2944 a
1034 2900 1095 2964 me,

136 2986 242 3050 neque
264 2967 445 3032 mehercule
468 2968 585 3031 minus·
599 2966 628 3030 ei
650 2967 774 3051 prolixe
795 2966 834 3033 de
851 2970 910 3032 tua
922 2969 1094 3034 ¹voluntate

135 3054 281 3140 promisi,
299 3076 397 3139 quam
415 3077 503 3120 eram
522 3056 636 3121 solitus
655 3054 693 3119 de
712 3076 785 3120 mea
802 3056 955 3140 polliceri.
992 3055 1094 3121 Casus
1113 3067 1130 3119 2

137 3163 213 3208 vero
245 3143 399 3209 mirificus
432 3143 561 3228 quidam
592 3143 766 3209 intervenit
798 3145 889 3229 quasi
920 3145 972 3224 vel
1002 3143 1096 3209 testis

137 3231 302 3314 opinionis
324 3252 415 3296 meae
437 3233 489 3298 vel
512 3254 648 3316 sponsor
664 3232 877 3298 humanitatis
899 3235 987 3297 tuac:
1010 3253 1096 3316 nam,

137 3339 239 3402 quum
275 3321 314 3385 de
349 3320 412 3385 hoc
443 3320 514 3405 ipso
539 3320 699 3386 ‘Trebatio
739 3342 812 3386 cum
842 3319 946 3386 Balbo
982 3324 1095 3385 nostro

138 3406 288 3493 loquerer
310 3408 489 3474 accuratius
508 3409 595 3474 domi
615 3429 714 3493 meae,
736 3409 862 3473 litterae
880 3408 960 3473 milri
978 3408 1097 3474 dantur

210 3599 262 3670 Ep.
283 3605 308 3668 ὅ,
324 3606 347 3655 1.
383 3601 484 3656 studita
502 3600 687 3669 beneficiisque
704 3616 786 3670 qaam
805 3599 880 3669 (Nlo
