2658 3986
244 209 311 274 240
526 209 564 265 Μ.
583 209 707 268 TULLII
726 209 918 266 CICERONIS

245 355 452 442 gistratum
483 354 664 440 inissent,
695 377 739 420 ex
769 354 850 420 Kal.
882 353 1004 439 Mart,
1036 376 1131 440 quse
1163 355 1203 420 in

246 465 314 510 suo
337 443 571 530 magistratu
598 444 753 509 futurae
781 446 925 529 essent,
953 443 996 509 de
1026 444 1204 509 consule·

246 533 353 598 ribus
376 532 586 617 provinciis
609 531 655 596 ad
678 535 854 597 senatum
876 532 1082 615 referrent,
1108 554 1204 598 neve

247 621 338 706 quid
364 620 471 705 prius
500 641 542 685 ex
569 620 650 686 Kal.
673 619 781 686 Mart.
809 621 854 686 ad
882 623 1057 686 senatum
1083 621 1203 686 refer·

246 713 346 793 rent,
372 729 468 798 neve
497 709 587 793 quid
615 710 853 775 coniunctim
880 709 922 773 de
951 729 994 775 ea
1016 729 1055 773 re
1085 707 1204 774 refer·

247 801 354 864 retur
372 819 391 862 c
409 798 650 882 consulibus,
672 798 807 883 utique
827 798 908 863 eius
926 798 982 862 rei
1005 819 1120 862 causa
1137 819 1204 883 per

248 887 328 952 dies
356 885 574 952 comitiales
602 889 776 952 senatum
807 886 996 952 heberent
1028 890 1203 952 senatus-

248 996 319 1059 que
342 995 443 1041 cons.
463 974 654 1059 facerent,
676 978 727 1059 et,
750 997 863 1059 quum
886 975 930 1040 de
952 996 995 1040 ea
1017 991 1056 1039 re
1079 974 1125 1039 ed
1148 996 1203 1040 se·

246 1067 379 1128 natum
409 1062 623 1130 referretur
654 1086 674 1129 a
705 1064 945 1148 consulibus,
981 1063 1044 1148 qui
1076 1084 1205 1128 eorum

248 1152 287 1218 iu
312 1165 396 1214 ccc.
418 1152 611 1219 iudicibus
630 1157 773 1235 essent,
795 1153 890 1232 'sees
909 1151 1096 1217 adducere
1118 1151 1204 1216 lice·

247 1244 319 1324 ret3
351 1241 383 1305 si
410 1240 503 1325 quid
530 1239 573 1306 de
596 1263 639 1307 ea
660 1263 700 1306 re
728 1241 773 1306 ad
799 1241 982 1325 populum
1008 1240 1206 1326 plebemve

247 1329 329 1394 lato
357 1349 451 1413 opus
484 1333 599 1414 esset,
629 1329 687 1394 uti
715 1327 789 1394 Ser.
817 1327 1011 1414 Sulpicius
1040 1328 1084 1394 M.
1106 1327 1205 1394 Mer-

249 1417 370 1483 cellus
400 1438 506 1503 coss,
542 1422 743 1502 praetores
774 1417 999 1503 tribunique
1030 1418 1092 1503 pl.,
1123 1418 1205 1502 qui·

248 1506 318 1570 bus
341 1526 471 1572 eorum
492 1506 701 1590 videretur,
729 1506 770 1571 ad
796 1507 981 1591 populum
1008 1506 1206 1591 plebemve

249 1593 410 1659 ferrent·
402 1641 410 1676 ,
383 1595 537 1679 tquod
563 1595 592 1659 ii
614 1616 690 1660 non
712 1595 913 1679 tulissent,
939 1595 1009 1682 uti,
1037 1593 1205 1678 quicum-

249 1704 320 1766 que
348 1682 528 1768 deinceps
551 1687 699 1766 essent,
728 1683 774 1748 ad
800 1684 982 1769 populum
1009 1682 1206 1768 plebemve
1320 1709 1321 1742 l

249 1770 406 1836 ferrent.
450 1771 476 1836 I.
498 1795 529 1838 ιι.

215 1859 275 1930 e
316 1859 372 1925 Pr.
390 1859 471 1926 Kal.
489 1860 675 1927 Octobres
697 1861 737 1925 in
761 1861 851 1926 aede
874 1860 1072 1946 Apollinis
1095 1861 1206 1926 scrib.
1320 1847 1321 1850 ¹

251 1948 451 2015 affuerunt
473 1949 509 2014 L.
531 1949 725 2016 Domitius
743 1947 805 2014 On.
828 1949 850 2014 f.
873 1947 959 2014 Feb.
980 1948 1206 2015 Ahenobar-

249 2037 320 2104 bus
343 2036 380 2115 Q.
399 2037 585 2104 Caecilius
607 2037 643 2115 Q.
661 2039 684 2102 f.
706 2038 793 2104 Fob.
815 2036 998 2104 Metellus
1017 2037 1108 2102 Pius
1127 2035 1207 2102 Sci·
1319 2033 1320 2122 ,

250 2127 331 2212 Pio,
358 2126 394 2192 1..
417 2127 561 2193 Villius
589 2126 625 2191 L.
647 2127 670 2191 f.
692 2126 791 2192 Pom.
818 2126 996 2212 Annalis,
1023 2124 1058 2191 0.
1082 2124 1207 2210 Septi·
1319 2123 1320 2160 0

250 2217 347 2283 mius
371 2214 407 2281 Τ.
425 2216 449 2280 f.
471 2216 645 2300 Quirina,
667 2213 700 2282 0.
719 2216 892 2281 Lucilios
910 2214 943 2281 0.
963 2215 988 2296 f.
1006 2213 1094 2297 Pap.
1113 2215 1208 2280 Hir·

250 2325 328 2383 ros,
352 2302 386 2370 0.
406 2302 633 2369 Scribonius
653 2301 686 2369 0.
705 2303 727 2368 f.
750 2303 837 2389 Po'p.
861 2301 989 2388 O'urio,
1011 2301 1047 2368 L.
1070 2301 1207 2368 Ateius
1279 2383 1284 2390 .

251 2389 287 2456 L.
310 2392 332 2455 f.
360 2389 428 2456 An.
451 2390 602 2476 Oapito,
628 2390 672 2455 M.
699 2390 846 2476 Eppius
873 2391 917 2457 M.
943 2392 965 2457 f.
989 2391 1207 2458 Terentina.

252 2478 359 2555 Quod
380 2478 425 2544 Μ.
448 2479 653 2545 Marcellus
677 2501 749 2544 oos.
767 2503 797 2545 v.
814 2480 837 2544 s.
861 2480 904 2546 de
926 2481 1154 2566 provinciis,
1177 2480 1207 2546 d.

252 2569 436 2652 e....,rio
467 2571 643 2633 senatum
674 2569 895 2634 existimare
926 2570 1114 2634 neminem
1146 2589 1207 2634 eo·
1318 2595 1319 2638 ι

175 2723 178 2728 .
251 2677 346 2741 rum,
386 2656 450 2741 qui
490 2660 645 2742 potesta
649 2661 725 2722 tem
759 2657 906 2722 hebent
940 2656 1210 2724 intercedendi

251 2745 499 2846 impediendi,
540 2767 681 2812 morum
716 2746 859 2812 afferre
901 2750 1093 2831 oportere,
1134 2769 1208 2832 quo

251 2833 375 2899 minus
398 2835 489 2900 der.
511 2858 542 2920 p.
565 2858 596 2919 p.
618 2858 644 2901 r.
667 2857 696 2921 q.
720 2834 765 2900 ad
788 2838 963 2900 senatum
989 2835 1129 2900 referri
1151 2857 1209 2902 se

252 2923 412 3007 natique
449 2925 666 2994 consultum
697 2923 787 2988 fieri
822 2924 958 3008 possit.
994 2924 1058 3009 qui
1089 2923 1209 3009 impe·

252 3011 370 3077 dierit
395 3011 653 3097 prohibuerit,
680 3033 763 3077 eum
790 3015 967 3079 senatum
986 3011 1209 3078 existimare
1317 3021 1318 3058 ³

252 3104 389 3167 contra
419 3121 497 3165 rem
525 3101 720 3185 publicem
750 3099 904 3184 iecisse3
936 3100 967 3166 si
1004 3101 1088 3186 quis
1120 3100 1209 3166 huic

323 3275 459 3400 lippus
494 3273 693 3330 intimiori.
711 3279 901 3341 recemiro
917 3275 1164 3343 odducmffl..)
1177 3276 1212 3331 in
1316 3335 1317 3352 ,

254 3345 348 3401 0001.
398 3347 497 3414 iude,
508 3345 572 3402 aad.
583 3344 953 3426 (W)cutia000.iud.c.‚
962 3346 1209 3402 corodd.Man.B
1316 3363 1317 3376 .

252 3415 431 3554 belgii
436 3417 610 3554 50055ςέ·-
562 3416 598 3482 0
608 3431 629 3470 0
624 3385 1211 3557 resurrecturis

252 3563 278 3612 5
297 3558 395 3613 Ateius
409 3558 483 3626 (W..)
512 3557 621 3612 Atreias
634 3557 752 3612 MR.-
774 3557 922 3614 Tcrmtina
936 3557 1003 3628 (M.)
1034 3529 1212 3616 TeretiadB.
