2676 3984
417 187 676 250 EHSTOLARUM
693 193 741 250 ix.
762 201 803 250 13.
824 201 865 250 14.
1052 195 1118 261 273

595 443 684 510 XIV.

251 554 308 611 Sor.
327 555 357 609 in
375 555 545 626 Pompeiano
564 556 610 612 IV.
629 557 702 612 Nou.
720 557 810 612 Maias
829 573 854 610 a.
873 575 900 611 u.
919 573 942 611 c.
964 561 1023 612 ⁷10.

291 678 420 735 CICERO
439 679 681 736 DOLABELLAE
700 678 857 736 CONSULI
876 680 944 738 SUO
964 679 992 735 S.

229 778 303 846 Etsi
324 783 497 846 contentus
524 803 625 865 cram,
652 781 697 846 mi
723 781 906 865 Dolabella,
932 784 991 848 tua
1017 781 1155 867 gloriar

163 867 306 953 satisque
338 889 377 933 ex
408 889 448 933 ea
482 891 635 955 magnam
669 870 827 936 laetitiam
858 871 1121 954 voluptatemque

164 957 343 1041 capiebam,
371 960 483 1023 tamen
504 980 572 1024 non
594 980 727 1043 possum
753 980 822 1024 non
844 958 991 1024 confiteri
1013 980 1122 1024 cumu-

163 1045 226 1109 lari
247 1066 298 1109 me
321 1045 461 1111 maximo
485 1047 614 1132 gaudio,
636 1047 723 1131 quod
745 1049 843 1132 vulgo
862 1047 1031 1112 homiuum
1054 1048 1121 1131 opi·

164 1133 220 1198 nio
252 1133 376 1199 socium
402 1156 453 1199 me
480 1135 621 1200 ascribat
651 1135 716 1201 tuis
744 1135 902 1200 laudibus.
951 1134 1123 1200 Neminem

165 1222 302 1286 conveni
315 1259 359 1270 -
373 1224 530 1288 convenio
553 1226 663 1288 autem
685 1223 827 1309 quotidie
850 1223 1019 1309 plurimos3
1047 1227 1124 1288 sunt

165 1310 252 1374 enim
283 1312 436 1395 permulti
468 1311 582 1396 optimi
613 1312 687 1398 viri,
719 1313 774 1396 qui
805 1313 999 1378 valetudinis
1027 1333 1124 1377 causa

163 1399 201 1462 in
222 1398 303 1464 haec
325 1401 397 1464 loca
419 1402 565 1485 veniant,
590 1405 758 1485 praeterea
785 1423 824 1467 ex
850 1401 1034 1486 municipiis
1060 1401 1122 1466 fre·

166 1490 302 1572 quantes
324 1490 498 1554 necessarii
519 1491 596 1572 mei3
623 1491 679 1574 qui
707 1511 832 1574 omnes,
860 1513 960 1575 quum
981 1493 1014 1554 ta
1038 1512 1122 1554 sum·

165 1575 228 1640 mis
249 1576 399 1642 laudibus
429 1577 471 1642 ad
493 1580 616 1644 caelum
639 1581 837 1664 extulerunt,
865 1580 947 1644 mihi
969 1579 1123 1644 continuo

166 1665 323 1730 maximas
351 1666 473 1751 gratias
501 1671 616 1752 agunt3
642 1671 767 1753 negant
793 1668 879 1732 enim
906 1689 941 1732 se
968 1667 1125 1752 dubitare,

166 1754 247 1836 quin
273 1757 310 1818 tu
340 1755 421 1820 meis
447 1757 627 1840 praeceptis
659 1760 692 1821 et
723 1757 865 1823 consiliis
897 1757 1124 1840 obtemperans

165 1843 481 1926 praestantissimum
503 1848 536 1909 te
559 1845 661 1910 civem
684 1848 717 1908 et
739 1845 937 1930 singularem
959 1846 1124 1909 consulem

166 1931 335 2015 praebeas:
363 1933 480 2017 quibus
503 1953 564 2018 ego
588 1954 783 2018 quamquam
805 1934 970 1998 verissime
992 1953 1161 2016 pessuma

165 2019 361 2104 respondere
378 2024 422 2106 te,
440 2043 522 2106 quae
539 2021 651 2106 facias,
666 2025 724 2086 tuo
743 2021 861 2087 iudicio
881 2025 914 2085 et
931 2024 988 2085 tua
1009 2025 1125 2104 sponte

166 2109 274 2173 facere
297 2130 357 2174 uec
384 2111 573 2194 cuiusquam
600 2131 694 2195 egere
717 2109 866 2193 oonsilio,
888 2112 1000 2173 tamen
1021 2130 1126 2193 neque

167 2197 265 2282 plane
284 2199 452 2283 assentior,
474 2221 514 2264 ne
533 2199 723 2264 imminuam
739 2202 831 2264 tuam
848 2198 986 2281 laudern,
1009 2198 1036 2262 si
1059 2219 1125 2262 om-

167 2285 221 2350 nis
243 2308 264 2351 a
286 2287 365 2351 meir
388 2287 532 2363 consiliis
554 2288 701 2372 profecta
723 2287 884 2370 videatur,
906 2307 1010 2371 neque
1033 2286 1126 2352 valde

168 2389 269 2460 nego,
291 2397 363 2440 sum
385 2376 473 2440 enim
490 2376 614 2442 avidior
636 2377 742 2461 etiam,
765 2399 862 2460 quarn
881 2375 960 2440 satis
978 2379 1036 2461 est,
1058 2374 1126 2461 glo-

167 2463 237 2528 riae
268 2467 302 2528 et
323 2467 433 2528 tamen
456 2486 523 2530 uon
542 2466 683 2531 alienum
702 2468 752 2530 est
769 2465 929 2550 dignitate
951 2467 1017 2548 tua,
1041 2464 1127 2548 quod

167 2553 233 2635 ipsi
254 2551 508 2638 Agamemnoni,
536 2575 650 2638 regum
671 2554 755 2639 regi,
776 2554 840 2619 fuit
861 2554 1048 2637 honestum,
1070 2553 1126 2617 ha·

167 2641 245 2705 bere
268 2641 408 2724 aliquem
430 2641 466 2705 in
488 2643 631 2708 consiliis
653 2643 817 2726 capiendis
839 2641 1025 2725 Nestorem,
1047 2641 1128 2705 mihi

168 2751 246 2794 vcro
269 2730 447 2814 gloriosum
468 2734 502 2795 tc
524 2732 673 2796 iuvenem
703 2732 868 2796 consulem
889 2729 1004 2806 florere
1025 2730 1127 2794 laudi-

168 2819 230 2884 bus
258 2820 351 2902 quasi
378 2820 545 2884 alumnum
572 2819 758 2903 disciplinae
786 2841 885 2883 meae.
935 2818 971 2884 L.
999 2819 1162 2902 quideme

171 2904 303 2991 Caesar,
333 2929 434 2990 quum
461 2908 502 2974 ad
528 2929 602 2972 eum
629 2911 798 2993 aegrotum
824 2905 997 2992 Neapolim
1023 2909 1127 2972 venis-

171 3016 252 3080 sem,
275 3017 471 3080 quamquam
494 2999 564 3062 erat
586 3018 759 3081 oppressus
781 2996 882 3062 totius
905 2997 1049 3080 corporis
1072 2996 1127 3061 do·

169 3085 307 3167 loribus,
328 3088 440 3150 tamen
462 3089 551 3169 ante,
578 3107 676 3170 quam
702 3106 754 3150 me
777 3086 873 3170 plane
896 3085 1062 3167 salutavit,
1089 3105 1126 3166 „o

170 3174 215 3238 mi
230 3170 368 3259 Cicero“,
386 3174 501 3259 inquit,
515 3175 679 3260 „gratulor
695 3173 766 3258 tibi,
785 3194 884 3259 quum
897 3176 1027 3238 tantum
1040 3173 1127 3237 vales

241 3327 293 3400 Ep.
315 3337 401 3398 14,1.
437 3333 504 3396 ruei;
528 3332 577 3401 qui
600 3331 646 3399 (M.
671 3333 700 3385 et
718 3331 754 3384 lt.
779 3331 816 3384 ad
833 3331 891 3383 Att.
911 3329 989 3397 XIV,
1010 3334 1055 3395 1⁷,
1074 3328 1126 3395 A.).

131 3409 134 3413 '
169 3401 223 3457 me
241 3429 288 3469 -,
316 3403 385 3470 qaia
406 3401 455 3469 N,
473 3401 504 3455 Β.
533 3433 567 3442 -
599 3407 687 3470 aptent
712 3402 757 3469 (Μ.
778 3401 815 3454 ad
832 3401 911 3469 Att.).
952 3405 1037 3470 operat
1059 3397 1126 3453 ΜΒ.

171 3477 196 3524 2.
223 3487 306 3541 neom
323 3488 384 3528 eum
462 3473 576 3542 ctoriae,
597 3478 622 3526 a
639 3479 730 3527 turrea
748 3472 823 3540 (W).
868 3485 936 3540 nepo
953 3501 989 3512 -
1006 3485 1067 3526 sum

170 3542 274 3612 ctoriae
293 3563 342 3608 -;
360 3548 385 3598 et
402 3550 421 3596 t.
440 3542 471 3597 B.
508 3549 534 3600 3.
557 3545 618 3610 tibi,
636 3544 708 3613 qood
726 3547 834 3598 tontum
853 3542 919 3610 (W.)

225 3630 339 3674 Oiceronir
353 3633 418 3682 epira
431 3633 450 3674 L
882 3636 914 3684 18
