2578 3978
240 223 283 287 26
522 225 560 280 M.
579 224 704 280 TULLII
721 223 911 280 CICERONIS

240 367 313 453 cogi
335 367 386 434 fas
408 389 478 434 esse
500 390 569 434 non
591 368 815 434 arbitraretur:
837 390 910 434 mea
931 367 1015 433 ratio
1037 366 1102 432 fuit
1124 366 1208 448 alia,

241 456 326 540 quod
348 478 453 540 neque
476 457 652 542 desipiente
679 458 800 542 populo
829 477 889 522 neo
911 455 1096 541 integrare
1118 453 1208 519 mihi

241 544 281 608 ad
305 545 550 629 consulendum,
576 565 816 630 capesseremne
842 566 911 610 rem
936 544 1113 628 publicam,
1139 565 1209 606 rm-

240 632 378 716 plicatus
395 633 540 718 tenebar,
557 634 613 698 sed
631 634 770 698 laetatus
788 637 898 698 tamen
916 654 998 716 sum,
1014 632 1100 716 quod
1118 630 1208 696 mihi

239 721 352 786 liceret
370 721 405 786 in
422 721 534 786 eadem
553 742 650 786 causa
668 725 702 786 et
719 722 799 786 mihi
817 722 910 786 utilia
932 725 965 786 et
988 721 1088 786 cuivis
1111 720 1208 784 bono

240 813 328 873 recta
351 809 534 893 defendere,
556 809 620 874 huc
643 811 778 875 accessit
800 808 1082 875 commemoranda
1103 829 1208 892 quae-

241 896 315 961 dam
342 902 376 962 et
402 897 512 962 divina
539 894 686 962 Caesaris
717 898 754 962 in
784 919 835 962 me
866 897 1064 982 fratremque
1091 918 1209 962 meum
1283 954 1284 974 ,

240 984 430 1050 liberalitas:
453 986 509 1070 qui
531 985 620 1070 mihi,
643 1007 859 1070 quascumque
878 1008 930 1052 res
950 988 1084 1071 gereret,
1106 989 1209 1050 tuen-
1283 1009 1284 1020 ι

241 1072 301 1137 dus
324 1077 422 1157 esset,
449 1093 538 1139 nune
559 1073 711 1140 intanta
732 1075 887 1140 felicitate
913 1074 1077 1159 tantisque
1099 1073 1209 1138 victo·

240 1161 310 1245 riis,
338 1162 465 1226 etiamsi
491 1162 527 1227 in
554 1184 614 1228 nos
641 1164 765 1230 nonis
792 1167 890 1247 esset,
917 1163 972 1247 qui
999 1165 1063 1246 est,
1088 1165 1209 1226 tamen

241 1248 405 1314 ornandus
431 1250 607 1332 videretur3
640 1251 685 1316 sic
712 1251 799 1316 enim
824 1255 858 1316 te
886 1251 1067 1316 existimare
1093 1249 1208 1334 velim,

242 1358 340 1420 quum
363 1358 383 1401 a
404 1337 507 1421 vobis,
527 1359 618 1404 meae
642 1339 755 1403 salutis
773 1339 968 1424 auctoribus,
990 1337 1208 1420 discesserim,

241 1425 402 1490 neminem
424 1447 503 1509 esse,
526 1426 616 1491 euius
634 1427 750 1492 olliciis
772 1431 909 1492 matam
927 1447 996 1492 esse
1015 1426 1207 1491 devinctum

190 1529 222 1579 19
241 1533 308 1577 non
341 1513 446 1579 solum
477 1513 645 1598 confitear,
677 1515 734 1581 sed
764 1515 863 1580 etiam
894 1514 1061 1600 gaudeam.
1106 1513 1208 1590 Quod

242 1601 395 1684 quoniam
420 1601 482 1666 tibi
508 1603 656 1687 exposui,
682 1603 791 1668 facilia
818 1607 896 1670 sunt
917 1625 969 1686 ea,
995 1623 1078 1686 quae
1105 1624 1126 1666 a
1148 1623 1207 1666 me

241 1690 280 1753 de
302 1688 437 1755 Vatinio
464 1693 498 1754 et
524 1688 564 1754 de
587 1690 703 1757 Crasso
729 1692 879 1776 requiris3
906 1713 996 1774 nam,
1023 1690 1062 1754 de
1090 1688 1206 1774 Appio

241 1777 328 1861 quod
346 1778 468 1862 scribis,
486 1778 581 1842 sicuti
599 1779 639 1844 de
658 1777 803 1861 Caesare,
821 1783 853 1844 te
871 1800 940 1844 non
957 1777 1207 1862 reprehendere,

241 1865 366 1950 gaudeo
388 1865 450 1930 tibi
473 1867 643 1931 consilium
669 1867 801 1951 probari
826 1888 942 1932 meum.
986 1865 1036 1932 De
1064 1865 1206 1931 Vatinio

241 1956 358 2038 autem,
381 1953 519 2038 primurn
542 1955 665 2020 reditus
682 1956 935 2020 intercesserat
924 1977 960 2020 ιιι
980 1955 1121 2040 gratiam
1143 1976 1207 2038 per
1284 2011 1285 2036 ζ

226 2039 444 2126 ,Pompeium
470 2043 581 2108 statim
603 2047 641 2108 ut
661 2043 716 2108 ille
738 2047 869 2127 praetor
891 2046 942 2108 est
962 2044 1029 2108 fact
1031 2065 1077 2124 us,
1100 2063 1208 2126 quum
1284 2039 1285 2072 ³

241 2129 371 2214 quidem
397 2151 459 2216 ego
487 2132 555 2197 eius
581 2131 772 2215 petitionem
799 2132 998 2216 gravissimis
1024 2131 1061 2196 in
1084 2135 1207 2196 senatu

242 2218 411 2284 sententiis
434 2240 686 2303 oppugnassem,
712 2239 816 2302 neque
842 2222 911 2284 tam
937 2219 1024 2283 illius
1050 2218 1208 2282 laedendi

242 2327 340 2370 causa
357 2327 454 2390 quam
473 2305 666 2371 defendendi
683 2309 780 2389 atque
799 2306 936 2371 ornandi
956 2305 1017 2372 cat
1002 2307 1103 2406 tonis,
1125 2311 1209 2390 post

242 2395 351 2456 autem
380 2390 540 2477 Caesaris,
570 2396 609 2457 ut
638 2394 730 2456 illurn
762 2393 980 2478 defenderem,
1010 2395 1093 2458 mira
1124 2415 1208 2460 con-

241 2479 345 2545 tentio
368 2483 418 2545 est
440 2484 622 2545 consecuta.
651 2479 733 2546 Our
755 2485 864 2546 autem
886 2482 1058 2566 laudmim,
1080 2488 1159 2566 peto
1185 2506 1210 2548 a

241 2571 288 2652 te,
310 2571 350 2632 ut
368 2567 402 2632 id
425 2589 445 2632 a
467 2591 518 2633 me
546 2590 627 2634 neve
653 2570 690 2633 in
715 2569 778 2633 hoc
804 2591 860 2634 reo
887 2590 969 2633 neve
995 2570 1030 2633 in
1057 2571 1209 2635 aliisre-

243 2656 360 2740 quiras,
382 2678 424 2721 ne
446 2656 507 2720 tibi
529 2677 591 2742 ego
611 2656 699 2720 idem
715 2677 881 2740 reponam,
903 2677 1003 2739 quum
1020 2658 1209 2722 veneris-

242 2744 373 2808 tametsi
394 2764 527 2829 possum
549 2744 600 2809 vel
621 2744 757 2826 absenti,
779 2744 947 2810 recordare
965 2745 1061 2828 enim,
1085 2747 1209 2828 quibus

242 2831 462 2896 laudationem
485 2853 524 2898 ex
546 2832 668 2896 ultimis
690 2831 784 2896 terris
803 2831 940 2914 miseris3
961 2852 1023 2896 nec
1045 2832 1109 2897 hoc
1132 2857 1209 2917 per-

242 2917 401 3003 timueris,
423 2940 501 2984 nam
523 2941 543 2983 a
565 2941 616 2984 me
637 2920 709 3002 ipso
731 2919 904 2982 laudantur
927 2923 960 2984 et
981 2920 1211 2988 laudabuntur

242 3005 340 3071 iidem
363 3029 419 3088 -3
442 3005 499 3071 sed
521 3009 633 3071 tamen
655 3006 847 3072 defendendi
869 3005 995 3071 Vatinii
1017 3009 1081 3072 fuit
1104 3011 1210 3075 etiarn

242 3093 297 3160 ille
319 3093 478 3177 stimulus,
500 3094 540 3158 de
562 3115 626 3178 quo
648 3094 684 3158 in
706 3095 833 3177 iudicio,
856 3115 955 3178 quum
977 3094 1070 3159 illum
1093 3096 1210 3162 defen·

243 3182 364 3265 dorem,
393 3181 460 3246 dixi
481 3202 533 3246 me
554 3181 661 3246 iacere
683 3181 848 3265 quiddam,
874 3181 961 3265 quod
982 3182 1019 3246 in
1040 3183 1210 3252 Eunucho

242 3271 403 3355 parasitus
427 3268 576 3333 suaderet
596 3269 705 3334 militi:

314 3477 366 3562 Ep.
381 3485 405 3545 9,
423 3484 468 3562 19..
495 3475 753 3562 egaea-tamara·
840 3476 923 3531 iidem
937 3493 986 3539 -;
1008 3477 1139 3546 cariffi).
1168 3496 1211 3536 a:

243 3551 349 3603 aneae
429 3545 629 3604 maerente
708 3545 872 3602 aedomdcd
891 3545 983 3615 vulgo.
