2610 3980
263 235 328 300 124
544 237 582 292 Μ.
601 235 726 292 uuum
743 234 934 292 CICERONIS

259 381 403 484 ignosco,
426 380 483 448 sed
498 403 665 448 summam
687 380 785 446 etiam
802 380 932 446 laudem
949 380 1057 446 tribuo
1071 415 1114 430 ·-·
1129 401 1221 447 meus
1288 389 1289 428 3

260 471 347 536 enim
378 491 429 536 me
461 491 588 554 sensus,
620 473 743 554 quanta
773 469 821 534 vis
853 469 1001 534 fraterni
1022 468 1065 534 sit
1092 471 1220 554 amoris,
1288 551 1289 562 ἵ

260 559 478 624 admonet-·-
484 579 541 643 3s
561 561 594 623 te
621 561 712 642 peto,
738 561 777 623 ut
801 561 839 622 tn
866 577 992 642 quoque
1021 579 1160 642 aequum
1187 561 1221 624 te
1288 585 1289 594 ι

260 647 399 712 iudicem
421 647 526 712 dolori
552 648 624 712 meo
652 647 821 732 praebeas:
848 646 877 712 si
899 645 1027 732 acerbe,
1054 647 1083 710 si
1110 646 1220 712 erude-
1288 665 1289 714 ὲ

259 735 343 820 liter,
365 736 393 800 ai
416 735 485 800 sine
508 755 605 800 eausa
628 756 699 799 sum
722 757 742 798 a
763 735 828 800 tuis
852 737 1118 820 oppugnatus,u
1095 737 1221 814 utsta-
1288 795 1289 800 ,

259 826 334 888 tuas
356 823 436 888 mihi
458 844 527 889 non
549 821 645 888 modo
666 845 735 888 non
752 823 939 907 cedendum,
961 823 1017 888 sed
1040 823 1140 890 etiam
1161 810 1223 890 tuo
1288 905 1289 908 Ἴ

260 913 357 994 atque
380 912 537 977 exereitus
559 913 608 977 tui
631 911 750 976 auxilio
772 911 809 976 in
827 911 984 977 eiusmodi
1007 932 1105 978 eausa
1127 913 1220 976 uteu-
1288 961 1289 966 1

260 999 337 1064 dum
359 999 473 1084 inisse3
495 1020 556 1086 ego
579 1004 612 1064 te
629 999 711 1064 mihi
729 1021 854 1084 semper
872 1000 1011 1066 amicum
1030 1021 1099 1066 esse
1122 1000 1224 1086 volui,

210 1169 216 1180 ·
259 1107 312 1152 me
333 1091 371 1153 ut
392 1089 453 1153 tibi
480 1088 710 1154 amicissimum
736 1109 806 1154 esse
831 1088 1039 1174 intelligeres,
1060 1088 1221 1154 laboravi:
1288 1133 1289 1142 ι

259 1197 375 1243 maneo
397 1177 433 1242 in
455 1177 623 1243 voluntate
646 1180 688 1260 et,
710 1178 816 1261 quoad
838 1178 927 1242 voles
949 1180 1000 1262 tu,
1021 1177 1222 1262 permanebo
1288 1229 1289 1236 ,

260 1265 417 1349 citiusque
445 1286 553 1330 amore
580 1265 630 1329 tui
655 1265 790 1330 fratrem
815 1267 909 1330 tuum
935 1265 1041 1330 odisse
1064 1265 1222 1349 desinam,
1288 1299 1289 1308 ι

259 1353 467 1504 puamhillius
494 1353 569 1418 odio
592 1353 767 1438 quidquam
795 1354 834 1418 de
857 1357 970 1419 nostra
991 1353 1221 1420 benevolentia
1288 1391 1289 1414 2

241 1467 243 1472 ·
282 1444 351 1506 etta
376 1461 437 1505 am.
1288 1453 1289 1458 ’

705 1669 766 1736 ΙΠ.

498 1788 555 1846 Ser.
574 1790 605 1845 in
622 1790 761 1861 Hispania
779 1807 804 1849 a
823 1805 850 1845 ιι
869 1806 893 1846 o.
912 1795 972 1846 098.
999 1796 1006 1804 ’

378 1929 410 1998 Q.
428 1929 622 1988 METELLUS
640 1929 760 1987 NEPOS
780 1931 807 1986 S:
825 1929 859 1986 D.
878 1931 915 1984 M.
935 1923 1116 1986 CICERONI.

304 2035 475 2106 Hominis
488 2040 757 2127 importunissimi
775 2039 997 2124 contumeliae,
1015 2039 1131 2124 quibus
1150 2060 1222 2106 ore·
1288 2043 1289 2102 ι

256 2127 324 2194 bris
352 2130 561 2196 concionibus
588 2152 639 2196 me
668 2131 795 2213 onerat,
822 2128 888 2195 tuis
916 2148 993 2213 erga
1020 2149 1071 2194 me
1099 2127 1223 2196 officiis
1288 2141 1289 2206 ξ

256 2215 423 2283 leniuntur
445 2222 491 2303 et,
517 2221 555 2284 ut
577 2221 655 2284 sunt
675 2219 762 2284 leves
785 2217 826 2281 ab
849 2215 1006 2282 eiusmodi
1028 2209 1224 2302 homine,a
1288 2215 1289 2230 ¹

256 2325 308 2379 me
332 2305 561 2390 despiciuntur,
581 2307 782 2390 libenterque
805 2307 1003 2370 commutata
1019 2325 1160 2407 persona
1185 2309 1222 2370 te
1288 2309 1289 2396 ᾗ

220 2405 237 2454 u
256 2391 337 2457 mrh1
358 2393 470 2458 fratris
491 2395 563 2459 loeo
587 2415 656 2460 esse
679 2394 771 2460 duco.
814 2391 864 2460 De
886 2393 943 2458 illo
966 2413 1007 2457 ne
1030 2393 1223 2459 meminisse
1288 2411 1289 2484 ι

257 2480 386 2564 quidem
408 2482 491 2566 volo,
512 2483 643 2547 tametsi
664 2483 715 2549 bis
738 2503 812 2548 eum
833 2481 971 2546 invitum
994 2481 1127 2547 servavi.
1164 2479 1222 2547 De
1288 2503 1289 2580 p

255 2569 336 2634 meis
367 2569 477 2655 rebuS,
507 2591 549 2636 ne
580 2571 672 2637 robis
703 2569 909 2636 multitudine
936 2569 1117 2634 litterarum
1145 2591 1222 2636 mo·
1288 2591 1289 2628 ι

255 2655 368 2722 lestior
390 2679 506 2743 essem,
533 2658 574 2724 ad
596 2659 737 2724 Lollium
758 2656 943 2742 perscripsi,
970 2657 1223 2724 deuotionibus

254 2745 440 2830 provinciae
468 2747 545 2832 quid
571 2749 687 2813 vellem
712 2745 795 2830 fieri,
824 2749 862 2810 ut
887 2747 916 2810 is
942 2767 1001 2810 uos
1027 2745 1159 2812 doceret
1184 2751 1226 2812 et

208 2879 212 2888 -
256 2835 553 2901 commonefaceret.
599 2833 634 2902 Si
656 2835 787 2921 poteris,
808 2833 906 2899 velim
927 2834 1099 2918 pristinam
1120 2837 1223 2900 tuam
1288 2843 1289 2918 ζ

256 2943 335 3009 erga
356 2944 408 2988 me
430 2925 633 2990 voluntatem
655 2943 833 2988 conserves.
885 2977 890 2992 .
1288 2927 1289 2960 l

324 3149 659 3220 Epwtlotribuo
624 3163 793 3204 meua..
805 3150 1008 3204 .·-admoaet
1013 3145 1224 3219 wauiw).

255 3225 440 3288 aarum..
450 3219 829 3290 NaanmeAuvulgo.
1288 3243 1289 3246 ¹
