2676 3984
251 245 317 312 250
533 245 571 301 Μ.
590 246 713 302 TULLII
731 245 922 302 CICERONIS

249 391 436 476 clamitavit,
452 393 499 476 ut,
514 397 543 460 si
562 390 642 456 mihi
659 391 696 457 in
712 391 850 475 pecunia
867 391 974 456 minus
988 392 1207 478 satisfecisset,
1328 459 1329 492 ,

248 481 404 566 perhanc
419 480 558 564 speciem
571 480 744 545 simultatis
759 502 831 544 eum
846 484 1056 545 consectarer.
1088 480 1206 546 Postea
1328 495 1329 554 Τ

247 591 316 635 non
339 569 463 634 destitit
485 589 644 634 arcessere
667 568 780 633 Polam
807 566 954 634 Servium
976 574 1205 655 accusatorem,
1328 625 1329 630 ,

213 658 330 724 ainire
356 679 430 723 cum
452 657 596 722 Domitio
624 658 767 722 consilia,
812 656 935 732 Quibus
968 679 1068 742 quum
1088 681 1204 742 parum
1328 713 1329 740 ,

247 747 443 832 procederet,
465 747 504 811 ut
524 746 591 810 ulla
609 747 682 831 lege
699 745 779 810 milri
796 749 957 831 ponerent
976 750 1204 832 accusatorem,
1328 777 1329 792 ¹

247 835 433 920 compellari
464 855 503 898 ea
528 835 600 920 lege
632 857 684 899 me
706 835 891 919 voluerunt,
920 857 985 920 qna
1011 832 1073 916 spa
1100 835 1203 900 dicere

100 955 115 986 ι
247 945 316 990 non
342 926 507 1008 poterant:
534 923 778 988 insolentissimi
803 923 953 988 homines
980 924 1113 988 summis
1137 921 1203 989 Cir-

248 1013 397 1078 censibus
419 1012 504 1077 ludis
526 1012 607 1077 meis
625 1011 857 1096 postulandum
879 1013 1019 1098 melego
1037 1010 1204 1077 Scantinia

247 1104 410 1166 curarunt.
454 1100 520 1166 Vix
545 1101 608 1166 hoc
636 1103 706 1165 erat
726 1099 807 1166 Pola
834 1102 993 1185 elocutus,
1020 1123 1119 1186 quum
1142 1122 1202 1188 ego

245 1189 390 1276 Appium
412 1211 579 1255 censorem
601 1190 714 1256 eadem
735 1191 808 1274 lego
830 1189 1007 1274 postulavi:
1030 1189 1117 1274 quod
1139 1211 1203 1254 rne-

245 1278 308 1344 lius
327 1279 464 1364 caderet,
481 1278 564 1344 nihil
581 1279 659 1362 vidi3
682 1300 760 1343 nam
778 1278 824 1343 sic
842 1282 892 1343 est
909 1301 929 1342 a
946 1279 1066 1363 populo
1085 1281 1118 1343 et
1135 1300 1203 1344 non

245 1367 357 1432 infimo
381 1389 508 1452 quoque
532 1367 756 1451 approbatum,
778 1369 817 1431 ut
838 1367 993 1432 maiorem
1015 1365 1123 1451 Appio
1147 1367 1202 1432 do·

244 1455 346 1520 lorem
377 1455 466 1520 fama
493 1477 590 1540 quam
620 1455 796 1540 postulatio
831 1455 984 1520 attulerit
1032 1455 1202 1520 Praeterea

245 1545 337 1627 coepi
360 1545 526 1629 sacellum,
557 1543 591 1608 in
624 1544 719 1608 domo
747 1544 833 1629 quod
856 1547 918 1629 est,
950 1545 991 1608 ab
1019 1565 1057 1609 eo
1084 1548 1201 1628 petere.

209 1629 428 1698 rCouturbat
453 1653 505 1698 me
536 1653 628 1698 more
659 1633 742 1697 servi
764 1633 875 1717 huius,
906 1633 961 1717 qui
987 1633 1049 1698 tibi
1076 1633 1201 1698 litteras

245 1721 369 1806 attulit3
390 1743 468 1786 nam
491 1721 630 1807 acceptis
653 1721 815 1806 prioribus
837 1721 954 1786 litteris
977 1721 1115 1806 amplius
1137 1723 1202 1787 dics

245 1810 460 1897 quadraginta
478 1811 607 1876 mansit.
644 1809 727 1886 Quid
746 1811 806 1875 tibi
825 1811 972 1894 scribam,
994 1810 1115 1876 nescio:
1138 1810 1200 1876 scis

243 1897 387 1966 DemItio
410 1901 604 1966 conitiorum
630 1899 714 1964 diem
736 1899 846 1965 timori
873 1899 964 1964 esse?
993 1902 1026 1964 te
1049 1902 1199 1983 exspecto

243 1988 336 2055 valde
358 1993 392 2054 et
414 2011 511 2074 quarn
533 1989 674 2073 primum
696 1988 803 2053 uidere
827 1988 935 2073 cupi03
958 2010 978 2053 a
1000 1990 1033 2052 te
1055 1990 1141 2072 peto,
1162 1991 1201 2052 ut

242 2099 330 2144 meas
357 2079 492 2144 iniurias
519 2077 655 2166 proinde
682 2078 805 2162 doleas,
836 2079 873 2142 ut
899 2098 950 2143 me
980 2076 1143 2142 existimas
1167 2080 1201 2142 et

242 2167 350 2234 dolere
373 2170 407 2233 et
427 2167 540 2234 ulcisci
561 2171 635 2232 tuas
658 2167 770 2232 solere.

674 2376 765 2442 XIII.

241 2489 298 2546 Sor.
317 2490 422 2546 Romae
440 2489 515 2544 inter
532 2489 604 2544 Non.
627 2489 718 2543 Maias
741 2490 771 2544 et
787 2488 861 2544 Non.
884 2489 979 2545 Iunias
1002 2504 1028 2544 a
1048 2505 1075 2544 u.
1093 2504 1117 2544 c.
1138 2493 1198 2544 ⁷04.

497 2610 650 2667 oramus
669 2610 841 2667 CICERONI
859 2612 935 2668 SAL.

205 2735 221 2786 1
307 2711 460 2779 Gratulor
471 2711 533 2777 tibi
547 2711 740 2777 affinitatem
752 2712 814 2777 viri
827 2712 951 2777 medius
964 2711 1059 2777 fidius
1070 2711 1199 2797 optimi;

239 2801 402 2868 namhoc
425 2823 485 2888 ogo
505 2802 545 2866 de
563 2801 619 2867 illo
638 2802 799 2866 existimo:
823 2804 929 2866 cetera
951 2822 1058 2885 porro,
1081 2799 1198 2884 quibus

240 2889 417 2956 adhucillo
436 2890 630 2975 aibiparum
647 2891 737 2955 utilis
759 2890 831 2975 fuit,
853 2893 887 2955 et
909 2891 1015 2954 aetate
1033 2889 1099 2954 iam
1121 2891 1199 2954 sunt

240 2977 374 3045 decussa
396 2981 431 3042 et
452 2979 684 3044 consuetudine
712 2982 808 3063 atque
832 2978 1024 3043 auctoritate
1047 2981 1117 3061 tua,
1139 2999 1197 3061 pu-

239 3067 316 3133 dore
348 3065 487 3151 Tulliae,
523 3067 550 3131 si
582 3088 646 3151 qua
676 3066 859 3150 restabunt,
895 3065 1021 3133 confido
1052 3065 1200 3130 celeriter

240 3156 403 3222 sublatum
424 3154 478 3238 iri3
500 3176 568 3220 non
591 3158 641 3221 est
662 3154 750 3221 enirn
771 3174 904 3240 pugnax
925 3155 961 3218 in
983 3154 1070 3219 uitiis
1092 3173 1197 3238 neque

308 3316 361 3385 Ep.
381 3320 422 3382 12,
442 3319 468 3369 8.
499 3317 532 3368 ut
549 3312 608 3367 alio
626 3312 680 3381 lepe
698 3311 853 3382 (Pluygers)
870 3315 903 3366 ut
919 3311 980 3366 ulla
998 3311 1058 3366 olio
1075 3310 1092 3364 I.
1107 3309 1153 3364 rel
1170 3314 1205 3362 ut

238 3404 265 3442 a.
283 3404 311 3442 u.
330 3388 348 3441 l.
367 3385 452 3456 (W.)?
488 3400 544 3453 quo
565 3382 622 3452 Ipsi
644 3383 732 3436 dicere
754 3383 850 3452 (Em).
886 3381 1098 3451 4111111.-
1122 3396 1203 3434 eura·

238 3461 306 3513 mat
323 3457 398 3527 (W.).
435 3459 536 3510 curam
554 3452 600 3521 II,
619 3452 713 3522 vulgo.
750 3459 775 3508 4.
803 3469 828 3507 o.
848 3453 905 3507 dieo
923 3453 1021 3520 quadr.
1041 3450 1117 3520 (On).
1144 3451 1203 3504 dies

239 3542 294 3581 om.
316 3525 355 3580 Μ.
391 3543 417 3581 a.
441 3541 466 3595 q.
489 3525 516 3581 d.
540 3522 628 3591 Crat,
650 3521 681 3577 B.
721 3523 767 3578 An
788 3524 846 3578 dies
868 3523 988 3591 amplior
1010 3539 1034 3592 p.
1059 3521 1143 3591 (W.)?
1167 3551 1203 3560 -

240 3595 315 3651 ure?
333 3601 360 3652 tr
377 3596 482 3666 (Idan).
519 3609 580 3650 rere.
620 3593 657 3649 Te
673 3593 772 3664 vulgo2
