2578 3982
230 244 488 300 EPISTOLARUM
505 247 555 302 AD
575 247 606 313 Q.
625 247 800 303 FRATREM
817 250 850 304 II.
872 257 895 306 ⁷.
914 256 939 306 8·
995 249 1061 314 605

107 387 144 452 in
167 387 296 452 Afranii
323 391 529 475 sententium,
559 397 789 476 contraquam
817 413 877 478 ego
911 392 1060 476 dixeram,

108 497 209 559 quum
231 481 268 540 tu
291 477 433 561 edesses3
460 478 515 542 sed
542 500 661 564 magno
688 501 762 544 cum
785 482 907 566 gemitu
930 485 1060 546 senatus

107 565 258 629 consules
279 587 348 630 non
372 570 448 630 sunt
469 568 628 650 persecuti
651 589 762 633 eorum
785 569 975 652 sententies,
997 570 1061 654 qui,

107 650 247 716 Afranio
270 675 370 738 quum
392 658 501 719 essent
522 656 659 741 assensi,
681 656 886 741 addiderunt,
912 661 950 721 ut
970 679 1061 741 pree·

107 744 196 804 tores
222 741 269 805 ite
296 747 492 826 crearentur,
518 748 557 808 ut
582 745 650 808 dies
677 746 844 831 sexaginta
871 746 988 828 privati
1014 767 1061 809 es·

109 831 195 892 sent:
232 851 269 894 eo
301 831 352 894 die
384 829 540 896 Catonem
575 834 672 916 plane
707 833 925 918 repudiarunt.
979 832 1062 909 Quid

107 917 233 1069 multat?
264 921 378 984 tenent
404 920 526 1004 omnia,
552 921 648 1006 idque
674 922 721 987 ite
748 943 860 988 omnes
882 922 1061 1006 intelligere

107 1025 150 1069 vo
164 1026 208 1069 un
225 1055 232 1070 .

496 1217 587 1284 uin.
611 1217 675 1308 [n]

349 1329 405 1386 Ser.
424 1347 519 1388 mense
537 1332 612 1388 Maio
631 1349 655 1387 a.
675 1351 702 1387 u.
721 1349 744 1387 c.
764 1338 825 1389 699.

254 1453 400 1512 MARCUS
419 1455 559 1522 QUINTO
578 1455 714 1511 FRATRI
732 1453 912 1511 SALUTEM.

175 1551 226 1618 Tu
249 1557 378 1640 metuis,
404 1577 446 1622 ne
473 1579 524 1621 me
546 1555 754 1641 interpelles?
798 1553 955 1640 Primum,
978 1555 1006 1620 si
1028 1555 1088 1620 inr

108 1641 172 1706 istc
195 1663 308 1726 essem,
329 1648 366 1709 tu
389 1645 462 1729 scis,
483 1646 560 1730 quid
583 1647 626 1710 sit
647 1645 865 1728 interpellare,
888 1665 931 1708 an
953 1648 986 1708 te
1008 1644 1063 1722 †a

1 1775 2 1778 ,
108 1733 142 1792 te
165 1729 215 1792 is‘?
238 1731 418 1795 mehercule
441 1733 520 1796 mihi
543 1733 656 1798 docere
678 1732 796 1797 videris
818 1733 911 1796 istius
935 1732 1062 1816 generis

108 1817 359 1900 humanitatem,
390 1840 454 1902 qua
481 1820 609 1903 quidem
636 1841 696 1904 ego
726 1819 808 1882 nihil
835 1822 911 1884 utor
936 1819 994 1882 ahs
1021 1821 1062 1883 te.

1 1933 2 1956 1
110 1903 160 1968 'Pu
183 1926 259 1969 vero
282 1909 319 1969 ut
345 1928 396 1969 me
425 1909 457 1971 et
480 1907 621 1990 appelles
648 1911 682 1971 et
707 1907 891 1990 interpelles
920 1909 952 1970 et
975 1906 1062 1971 oblo-

110 2015 208 2077 quare
232 1996 265 2056 et
283 1993 464 2078 colloquere
483 1995 592 2078 velim3
615 1996 691 2080 quid
709 1995 795 2059 enim
813 1995 893 2060 mihi
911 1995 1062 2060 suavius?

109 2102 177 2145 ιιοιι
204 2081 384 2146 mehercule
411 2082 580 2167 quisquam
612 2078 881 2167 μουσοπάτακτος
910 2083 1063 2148 libentius

110 2191 169 2232 suc
199 2171 342 2234 recentia
372 2175 523 2255 poemata
552 2172 646 2258 legit,
683 2193 779 2255 quam
811 2191 871 2256 ego
903 2173 936 2235 te
968 2171 1062 2236 audio

111 2279 310 2342 quacumque
333 2258 373 2323 de
394 2281 444 2344 re,
465 2260 595 2344 publice
617 2260 756 2344 privetu,
782 2259 902 2323 rustica
924 2253 1063 2342 urbana,

111 2346 166 2409 sed
189 2367 262 2410 mea
282 2347 404 2412 factumn
426 2351 477 2413 est
498 2349 622 2413 insulsa
644 2348 847 2431 verecundia,
875 2350 914 2412 ut
934 2351 968 2411 te
990 2369 1062 2431 pro-

109 2434 254 2498 ficiscens
286 2457 354 2500 ιιοιι
385 2436 543 2502 tollerem:
581 2437 760 2522 opposuisti
797 2437 894 2500 semel
930 2429 1063 2500 ἀναντί-

110 2527 227 2587 λεκτον
248 2545 387 2609 eausam,
409 2523 572 2606 Ciceronis
591 2525 695 2590 nestri
714 2523 940 2608 valetudinem,
962 2525 1062 2589 conti-

111 2611 174 2691 cui,
196 2612 313 2676 iterum
336 2609 514 2699 Cicerones,
536 2614 651 2698 quievi.
694 2611 791 2678 Nune
814 2613 897 2677 'mihi
918 2613 1089 2677 iucundi-r

110 2697 186 2762 tatis
213 2700 309 2782 plene
339 2702 475 2784 epistole
504 2701 568 2766 hoe
599 2702 736 2785 aspersit
765 2701 945 2783 molestiae,
976 2702 1062 2784 quod

111 2786 235 2870 videris,
256 2809 298 2852 ne
321 2790 400 2853 mihi
423 2790 578 2854 molestus
601 2811 700 2872 esses,
726 2788 846 2852 veritus
874 2809 942 2852 esse
966 2793 1061 2872 atque

111 2875 207 2939 etiam
229 2897 316 2941 nunc
339 2877 449 2942 vereri.
494 2876 671 2962 Litigerem
693 2880 813 2960 tecum,
842 2876 942 2940 sifus
965 2881 1061 2958 esset3

111 2963 166 3027 sed
197 2963 391 3047 mehercule,
426 2965 509 3029 istuc
541 2965 568 3028 si
599 2987 752 3049 umquam
785 2964 965 3048 suspicatus
997 2986 1062 3047 ero,

110 3050 192 3116 nihil
214 3051 319 3115 dicam
341 3052 428 3116 aliud
450 3053 514 3118 nisi
537 3053 679 3138 verebor,
700 3051 889 3136 nequando
909 3072 969 3136 ego
992 3053 1062 3134 tibi,

110 3161 208 3224 quum
227 3161 298 3204 sum
311 3162 386 3224 una,
408 3141 562 3205 molestus
581 3142 650 3205 sim.
685 3140 789 3206 Video
807 3143 840 3205 te
857 3140 1061 3225 ingemuisse.

179 3366 230 3436 Ep.
251 3372 276 3434 7,
291 3373 315 3420 3.
351 3367 521 3434 seutentiam,
538 3373 729 3436 contraquam
746 3364 839 3436 (sch).
875 3382 907 3432 s,
924 3383 948 3436 q.
967 3365 1060 3434 Mer,

110 3436 201 3506 vulgo.
238 3453 269 3503 c,
286 3439 318 3490 in
336 3453 418 3506 quum
435 3437 608 3506 Kayser.,1B.
644 3437 696 3506 Ep.
716 3443 741 3505 8,
764 3443 787 3490 1.
827 3439 879 3502 'su
896 3441 921 3489 te
943 3437 968 3508 ἐι
991 3437 1060 3503 (Ml,

109 3506 321 3646 ΞῖθῖὶἒἘξιεέε
334 3507 393 3563 Mn.
426 3509 513 3564 actas
528 3515 542 3562 1
557 3508 599 3562 cd.
614 3507 682 3580 Reg.
714 3511 797 3563 satec
814 3508 835 3562 Ι.
868 3506 976 3562 Statius
989 3507 1042 3578 (h.)
