2658 3986
236 231 300 298 172
517 232 554 286 M.
574 231 697 288 TULLII
716 229 924 288 cltuuorus

233 377 285 449 voi
307 377 498 444 auctoritate
520 377 571 444 vel
599 376 718 462 gratia,
744 375 859 442 valebo
882 375 955 458 tibi3
981 378 1018 440 tu
1041 395 1130 458 eura,
1153 379 1192 440 ut

183 572 188 580 Ι
233 453 550 622 ffifflmffiffl
577 469 611 530 te
634 465 747 550 animi,
773 468 844 530 tum
867 464 965 530 etiam
987 463 1192 549 speoptima

673 749 747 816 vu.
822 699 824 704 ’

391 859 449 917 Sor.
472 861 503 916 in
527 859 625 916 sieilia
647 863 765 916 exeunte
789 877 861 916 anno
880 881 907 916 u.
926 879 948 916 o.
970 865 1030 918 708.

433 983 591 1040 CAECINA
604 983 775 1042 CICERONI
788 985 893 1040 PLUlt.
910 985 985 1042 SAL.

94 1163 98 1170 .
198 1098 212 1148 1
276 1061 393 1162 'Quod
415 1086 477 1152 tibi
503 1108 571 1153 non
597 1091 667 1152 taur
689 1086 834 1152 celeriter
856 1086 937 1151 liber
966 1088 1016 1150 ost
1037 1085 1192 1171 redditus,

231 1176 365 1260 ignosco
387 1176 496 1242 timori
519 1179 632 1242 nostro
656 1178 689 1240 et
710 1176 860 1241 miserore
880 1175 1044 1259 ternporis.
1078 1173 1191 1258 Filius,

232 1268 270 1328 ut
292 1264 402 1348 audio,
424 1264 604 1350 pertimuit,
629 1286 735 1348 nequa
757 1263 889 1349 iniuria,
919 1263 946 1327 si
968 1263 1050 1329 libor
1072 1263 1192 1328 auisset
1318 1283 1319 1286 ’

240 1387 274 1398 ·—
290 1352 444 1436 quoniam
465 1355 620 1417 nontam
637 1353 781 1437 interest,
803 1373 867 1436 quo
891 1352 999 1418 animo
1022 1351 1191 1435 scribatur,

233 1461 330 1524 quam
353 1462 416 1525 quo
445 1441 621 1525 accipiatur
642 1477 700 1526 -,
726 1462 768 1506 na
791 1463 830 1506 ea
855 1461 907 1505 ros
929 1441 951 1520 †
973 1441 1082 1525 inopte
1109 1440 1190 1504 mihi

232 1533 376 1613 uooerat,
404 1551 503 1613 quum
525 1529 715 1614 praesertim
742 1529 847 1594 adhue
870 1529 936 1593 stili
963 1550 1084 1613 poenas
1101 1528 1190 1592 dem.

233 1616 304 1692 Qua
326 1617 455 1701 quidam
476 1613 569 1683 inre
592 1618 750 1703 singulari
773 1639 845 1683 sum
865 1617 950 1701 iat03
977 1639 1067 1700 nam,
1089 1638 1189 1700 quum

232 1705 385 1770 mendum
417 1706 595 1791 soripturao
624 1707 723 1771 litura
752 1707 899 1790 tollatur,
932 1706 1070 1772 stultitia
1100 1705 1190 1768 fama

232 1795 396 1878 multetur,
413 1815 504 1860 meus
523 1817 611 1861 error
628 1795 741 1860 exsilio
761 1795 941 1880 corrigitur,
959 1795 1049 1859 auius
1064 1815 1191 1858 summa

232 1883 375 1948 oriminis
407 1886 470 1968 ost,
502 1884 586 1969 quod
618 1888 763 1952 armatus
794 1883 977 1949 adversario
1003 1883 1086 1946 male
1115 1881 1181 1946 dm
1318 1899 1319 1902 ’

197 1982 213 2030 2
232 1969 338 2037 Nemo
360 1975 510 2037 nostrum
533 1976 590 2058 est,
612 1977 650 2038 ut
673 1973 802 2058 opinor,
825 1972 904 2057 quin
925 1975 1002 2036 vota
1024 1970 1190 2036 Victorias

233 2081 309 2126 suae
337 2061 464 2145 feeerit,
490 2083 600 2147 neruo,
628 2062 707 2146 quin
733 2061 843 2145 etiam,
871 2081 970 2145 quum
997 2059 1036 2123 do
1064 2058 1190 2122 aliare

231 2149 423 2234 immolarat,
440 2153 551 2215 tamon
569 2172 607 2215 eo
626 2150 755 2234 quidem
771 2151 843 2234 ipso
861 2152 1016 2234 tempore,
1036 2151 1191 2230 utquam

231 2238 371 2320 primum
403 2235 523 2303 Caesar
553 2241 772 2322 superaretur,
803 2237 937 2322 optarit:
972 2236 1034 2302 hoo
1062 2237 1089 2300 si
1120 2255 1190 2300 non

232 2327 369 2410 cogitat,
401 2327 550 2392 omnibus
581 2325 679 2390 rebus
707 2327 787 2390 felix
814 2330 876 2408 eat3
908 2325 936 2389 si
967 2324 1028 2388 soit
1059 2326 1092 2386 et
1118 2344 1189 2406 per·

233 2434 347 2477 suasus
379 2416 441 2497 est,
473 2412 549 2498 quid
576 2414 726 2478 irascitur
751 2415 796 2497 ai,
828 2415 882 2498 qui
910 2411 1029 2496 aliquid
1061 2411 1191 2494 scripsit

232 2503 346 2566 eontra
359 2522 452 2565 suam
469 2502 680 2586 voluntatem,
698 2523 798 2587 quum
815 2501 939 2586 ignorit
956 2499 1116 2582 omnibus,
1133 2499 1189 2582 qui

196 2599 213 2648 3
231 2588 335 2652 multa
353 2588 430 2654 daos
448 2590 592 2654 venerati
611 2593 689 2654 sunt
706 2593 821 2657 oontra
838 2590 907 2654 eius
926 2586 1085 2652 salutem?
1117 2584 1190 2668 Sed,

231 2679 270 2740 ut
291 2676 404 2742 eodem
425 2681 582 2762 revertar,
604 2699 702 2743 causa
723 2679 805 2743 hato
826 2678 890 2742 fuit
912 2676 1051 2741 timorist
1075 2674 1190 2757 scripsi
1230 2672 1236 2679 '

232 2764 272 2829 do
294 2767 326 2830 to
349 2787 446 2850 paros
472 2765 713 2833 mediusfidius
737 2771 771 2831 et
791 2766 917 2850 timide,
943 2786 1011 2830 non
1033 2783 1189 2828 revocans

231 2873 282 2916 me
313 2853 397 2938 ipso,
429 2854 486 2919 sed
516 2877 620 2940 paona
650 2855 828 2942 refugiens,
860 2875 962 2940 genus
992 2855 1099 2918 autem
1125 2851 1190 2916 hoo

232 2940 409 3026 scripturae
431 2964 500 3008 nou
522 2944 618 3009 modo
641 2944 793 3028 liberum,
821 2942 877 3007 sed
898 2941 1070 3005 incitatum
1091 2942 1190 3022 atqua

232 3028 353 3096 elatum
380 3051 449 3096 esse
477 3031 592 3096 debers
620 3033 692 3116 quis
723 3030 876 3116 ignorat?
909 3030 1050 3095 solutum
1082 3027 1188 3092 existi·

231 3121 339 3184 matur
360 3139 430 3184 esse
454 3119 547 3185 alteri
568 3121 654 3184 male
680 3120 784 3185 dioere
808 3153 850 3166 -
873 3121 984 3183 tamen
1012 3115 1189 3181 cavendum

230 3209 295 3292 est,
324 3226 366 3272 ne
397 3207 433 3272 in
463 3208 678 3292 petulantiam
709 3207 832 3274 inoidas
855 3229 912 3290 -3
937 3204 1127 3288 impeditum
1154 3223 1189 3268 se

300 3431 352 3502 Ep.
374 3437 398 3502 7,
414 3439 438 3488 1.
467 3434 563 3489 conset
576 3465 610 3474 —
625 3433 755 3504 quoniam
835 3432 989 3500 arripiatur
1002 3460 1047 3496 -,
1065 3445 1099 3483 ao
1113 3427 1187 3496 (W.).

230 3515 281 3567 θῶν
299 3517 323 3570 q·
343 3542 368 3556 ·.
388 3519 453 3570 ooo,
471 3503 613 3574 oevulgo.
633 3533 667 3544 -
685 3521 718 3558 ea
735 3519 778 3558 ros
791 3507 809 3569 †
823 3503 912 3571 inepte
927 3500 1001 3569 (W.).
1039 3515 1071 3554 eo
1089 3499 1197 3553 reaia·-

225 3585 310 3640 peooe
328 3571 414 3643 (W.)?
433 3589 469 3628 an
484 3591 516 3630 ea
529 3589 572 3630 rer
585 3573 699 3646 [tuopte]
712 3575 781 3628 miti
794 3573 879 3643 (W.)?
916 3587 947 3626 ea
960 3585 1003 3626 rar
1019 3571 1109 3640 tuopte
1121 3567 1187 3624 ΜΒ.
