2658 3986
350 225 608 281 EPISTOLARUM
626 225 686 282 vn.
706 231 819 281 aa-ar.
997 225 1064 291 223

103 370 243 436 comitiis
263 371 454 455 quaestoriis
473 370 631 435 institutis
650 371 729 434 sella
748 368 784 445 Q.
803 368 944 455 Maximi,
968 393 1063 455 quem

12 519 14 524 .
103 461 151 524 illi
174 460 341 524 consulem
364 480 432 523 esse
456 459 615 543 dicabant,
637 460 744 543 posita
767 463 824 543 est,
848 481 911 543 quo
934 465 1062 526 mortuo

103 548 256 613 nuntiato
286 548 364 612 salla
392 548 500 612 ablata
527 551 590 631 est,
616 547 670 612 ille
693 551 814 631 autem,
841 549 898 632 qui
925 549 1063 614 comitiis

102 637 236 702 tributis
251 639 336 701 esset
349 637 542 721 auspicatus,
561 637 742 701 centuriata
755 637 879 720 habuit,
898 638 1062 702 consulem

102 726 186 791 hora
214 725 351 809 septima
382 724 594 808 renuntiavit,
622 725 677 809 qui
703 745 805 808 usque
835 725 875 789 ad
898 725 1062 791 Kalendas

104 813 174 878 Ian.
198 817 295 897 esset,
323 835 405 898 quae
433 817 526 878 erant
547 814 676 878 futurae
702 835 798 878 mane
821 815 988 898 postridie:
1015 816 1063 880 ita

105 901 243 968 Caninio
267 903 398 968 consule
421 903 501 967 scito
524 902 686 968 neminem
706 901 888 987 prandisse,
909 903 992 968 nihil
1013 907 1062 968 ta·

105 1013 180 1056 men
204 1013 241 1056 eo
265 992 396 1056 consule
419 991 495 1055 mali
512 991 636 1056 lactum
654 994 716 1075 est,
737 991 801 1056 fuit
824 992 910 1056 enim
927 992 1062 1058 mirifica

104 1081 1097 1255 ludlaltlltlldsttbbinuadat,2

105 1279 188 1342 quae
212 1257 240 1321 si
261 1257 395 1342 videres,
416 1258 565 1322 lacrimas
587 1278 655 1322 non
677 1260 812 1322 teneres.
848 1256 940 1341 Quid,
963 1258 991 1322 si
1013 1279 1062 1323 ce·

105 1351 176 1411 tera
190 1346 350 1411 scribam?
373 1349 451 1410 sunt
468 1347 554 1410 enim
572 1346 821 1410 innumerabilia
835 1347 961 1431 generis
980 1347 1062 1412 eius-

106 1435 188 1519 dem,
211 1456 293 1518 quae
317 1435 444 1518 quidem
467 1456 527 1520 ego
546 1455 614 1500 uon
631 1435 757 1519 ferrem,
779 1435 843 1498 nisi
865 1456 916 1500 me
934 1435 969 1500 in
991 1437 1062 1522 phi·

105 1523 273 1608 losophiae
287 1528 417 1608 portum
430 1525 637 1588 contulissem
651 1526 684 1588 et
697 1525 760 1588 nisi
772 1523 926 1589 haberem
940 1525 1063 1589 socium

107 1613 287 1677 studiorum
300 1633 445 1677 meorum
459 1611 605 1677 Atticum
622 1616 782 1696 nostrum,
805 1613 895 1678 cuius
910 1615 1063 1697 quoniam

106 1700 273 1785 proprium
296 1703 328 1764 te
352 1722 420 1764 esse
451 1701 562 1766 scribis
590 1702 751 1785 mancipio
775 1704 808 1764 et
829 1722 926 1786 nexo,
956 1725 1063 1767 meum

107 1792 216 1854 autem
238 1811 299 1853 usu
322 1793 356 1854 et
375 1788 498 1874 fructu,
525 1793 696 1859 contentus
718 1790 781 1854 isto
805 1811 889 1872 sum,
920 1790 954 1854 id
977 1791 1062 1854 enim

107 1881 157 1943 est
184 1878 337 1961 cuiusque
365 1879 543 1968 proprium,
572 1900 636 1962 quo
664 1878 798 1962 quisque
824 1878 943 1942 fruitur
965 1882 1062 1962 atque

107 1967 219 2031 utiam.
265 1964 327 2031 Sed
353 1966 433 2030 haec
461 1967 540 2031 alias
567 1965 721 2050 pluribus.
772 1964 909 2050 Acilius,
941 1968 996 2050 qui
1027 1968 1097 2031 ine

107 2053 276 2120 Graeciam
299 2076 372 2119 oum
393 2054 575 2140 legionibus
598 2055 715 2119 missus
738 2058 799 2138 est,
827 2055 967 2119 maximo
991 2075 1062 2119 meo

107 2143 265 2210 beneficio
288 2146 403 2208 ast-
425 2144 475 2208 bis
499 2143 585 2208 enim
612 2146 662 2207 est
689 2164 708 2206 a
730 2164 781 2206 me
808 2141 926 2208 iudicio
949 2143 1063 2226 capitis
1117 2185 1127 2202 .

107 2233 205 2298 rebus
229 2232 325 2298 salvis
348 2232 499 2297 defensus
513 2268 564 2316 -—,
588 2235 621 2296 et
643 2235 693 2296 est
709 2231 807 2296 homo
826 2252 894 2296 non
916 2231 1063 2316 ingratus

108 2342 223 2405 meque
245 2320 451 2386 vehementer
473 2321 635 2386 observat:
657 2321 794 2385 adeum
817 2321 856 2385 de
878 2323 912 2385 te
930 2320 1063 2406 diligen·

107 2410 234 2475 tissime
256 2410 369 2494 scripsi
391 2430 525 2493 eamque
548 2411 718 2494 epistolam
745 2431 817 2474 cum
842 2409 905 2475 hac
928 2408 1064 2494 epistola

109 2499 272 2584 coniunxi,
295 2521 391 2583 quam
412 2499 467 2563 ille
490 2499 650 2583 quomodo
674 2499 832 2584 acceperit
854 2502 887 2564 et
910 2499 986 2583 quid
1003 2498 1065 2563 tibi

108 2588 273 2672 pollicitus
296 2589 348 2672 sit,
369 2587 465 2652 velim
489 2588 529 2652 ad
552 2609 602 2652 me
626 2587 755 2653 scribas.

526 2781 659 2847 XXXI!

248 2893 306 2950 Ser.
324 2893 429 2949 Romae
447 2909 542 2949 mense
560 2893 712 2949 Februario
731 2911 755 2949 a.
774 2912 801 2948 u.
821 2911 843 2948 c.
864 2899 923 2950 710.

409 3017 537 3074 CICERO
557 3017 665 3073 CURIO
685 3017 711 3072 S.
732 3017 764 3071 D.

175 3115 285 3182 Facile
316 3119 464 3202 perspexi
496 3140 534 3183 ex
564 3119 630 3183 tuis
660 3119 792 3204 litteris,
824 3119 909 3204 quod
941 3139 1098 3203 semper1

109 3207 233 3292 studui,
261 3209 294 3272 et
320 3228 372 3271 me
395 3229 414 3272 a
436 3209 469 3272 te
495 3207 626 3292 plurimi
648 3207 717 3272 fieri
749 3212 782 3271 et
813 3212 845 3272 te
877 3207 1073 3293 intelligere,-

181 3363 234 3434 Ep.
253 3370 296 3432 30,
313 3370 336 3418 1.
359 3365 454 3434 posita
472 3369 510 3418 est
529 3365 603 3433 (W.).
636 3381 667 3434 p.
687 3369 752 3420 essct
768 3364 815 3432 M,
829 3363 922 3435 vulgo.
960 3370 984 3417 3.
1003 3365 1065 3417 mis·

108 3449 157 3490 sus
175 3440 221 3500 est,
240 3450 307 3489 usae
329 3436 449 3490 monimo
468 3433 553 3504 (W.)?
577 3451 614 3489 an
631 3452 665 3489 oc.
689 3452 725 3502 a,
745 3451 819 3490 maa.
842 3451 898 3490 occo
922 3435 979 3488 tea.
998 3449 1065 3488 usus

109 3511 148 3572 cst
171 3505 313 3576 (Kleyn.)?
338 3537 373 3546 -
399 3512 437 3561 eat
454 3536 489 3545 -
508 3507 549 3576 bis
633 3507 758 3572 defensus
777 3535 825 3572 -,
849 3511 874 3560 et
897 3505 971 3574 (W.).
1012 3509 1065 3569 est;

109 3577 151 3631 bis
223 3577 286 3645 defi,
304 3580 329 3630 et
346 3576 377 3631 B.
398 3607 430 3616 -
449 3577 500 3632 boc
513 3577 627 3648 epistola
641 3577 707 3647 (m).
744 3577 768 3631 b.
787 3575 851 3648 [cp]
867 3574 928 3630 edd.
942 3575 1019 3642 vett,
1033 3575 1063 3628 B.
