2644 3988
384 204 645 261 ErlsTOLARUM
662 205 710 260 xl.
729 211 842 260 ar-ra.
1024 204 1088 269 367

558 454 664 520 XXII.

130 565 191 622 Ser.
202 566 308 636 Rorpas
321 582 416 621 mense
426 566 561 632 Quirrcbili
575 567 682 638 (paullo
697 567 762 621 anie
775 584 817 637 pr.
829 565 912 637 Non.)
923 582 947 621 a.
957 584 984 621 u.
994 583 1018 622 e.
1029 571 1089 624 711.

367 689 405 745 M.
424 689 553 746 CICERO
573 690 600 746 S.
617 691 652 747 D.
670 689 704 745 D.
722 691 854 748 BRUTO.

201 787 283 856 (ium
304 788 412 874 Appio
437 787 571 855 Claudio
594 788 628 856 Ο.
644 789 675 855 I.
697 812 822 856 summa
851 791 931 856 mihi
952 790 1123 855 necessi-1

130 877 212 944 tudo
236 881 286 943 esi
307 879 418 944 multis
441 879 509 943 eius
533 879 648 944 officiis
671 881 704 944 eb
726 879 807 944 meis
829 879 950 944 mubuis
972 879 1090 944 eonsti—
1200 941 1205 950 .

131 969 215 1031 tuta.
258 965 339 1031 Peto
367 989 387 1030 a
409 970 441 1031 te
469 967 623 1032 maiorem
650 966 686 1031 in
707 969 840 1032 modum
865 968 916 1032 vel
942 967 1090 1032 humani·

131 1055 213 1120 tatis
234 1057 310 1120 tuae
332 1055 384 1120 vel
405 1076 479 1121 mea
504 1076 616 1140 eausa,
641 1058 679 1120 ub
706 1077 780 1123 eum
804 1055 999 1126 austeritate
1026 1058 1091 1138 tua,

131 1163 217 1228 quae
240 1143 414 1229 plurimum
436 1143 538 1228 valet,
561 1146 787 1210 conservatum
807 1144 896 1209 velis.
940 1142 1027 1210 Volo
1049 1145 1092 1226 ie,

132 1253 235 1317 quum
256 1231 452 1297 fortissimus
474 1232 524 1300 vir
546 1233 696 1318 segnibus
719 1233 772 1316 sis,
795 1232 893 1298 etiam
911 1232 1091 1298 demendis·

133 1321 253 1386 simum
275 1320 460 1386 exiinmari.
503 1319 626 1407 Magno
648 1320 709 1386 sibi
736 1320 799 1392 erit
819 1322 1011 1386 ornamento
1033 1341 1091 1386 uo·

132 1409 327 1474 bilissimum
350 1409 587 1475 adolescentem
609 1409 764 1476 beneficio
786 1412 844 1474 buo
863 1431 932 1474 esse
953 1409 1091 1474 salvum:

133 1497 226 1562 euius
253 1496 382 1582 quidem
409 1519 506 1562 causa
532 1499 594 1563 hos
625 1498 739 1582 melior
766 1497 861 1563 debet
890 1519 975 1582 esse,
1005 1497 1092 1582 quod

132 1586 255 1670 pietate
270 1585 426 1650 adductus
444 1589 578 1672 propter
594 1587 695 1672 patris
713 1586 952 1652 reatitudionem
970 1607 1005 1652 ss
1019 1607 1093 1651 eum

133 1673 282 1739 Antonio
301 1674 481 1757 coniunxit,
503 1696 612 1759 quare,
629 1675 690 1740 etsi
707 1675 815 1740 minus
832 1696 942 1740 veram
960 1695 1091 1740 causam
1110 1683 1127 1732 2

134 1762 285 1846 habebis,
306 1766 416 1827 tamen
438 1763 490 1828 vel
511 1763 713 1847 probabilem
735 1763 877 1846 aliquam
899 1763 1021 1847 poteris
1043 1763 1092 1828 iu·

135 1850 261 1916 ducere.
304 1848 413 1915 Nuius
439 1854 515 1915 tuus
542 1854 651 1935 potest
676 1851 842 1916 hominem
871 1871 997 1916 summo
1019 1850 1092 1915 Ioco

134 1941 260 2023 natum,
282 1959 407 2005 summo
430 1939 577 2024 ingenio,
599 1960 725 2004 summa
746 1938 874 2022 virtute,
896 1937 1092 2004 officiosissi-

133 2049 235 2180 did
248 2030 415 2180 iiiiii
438 2030 479 2180 ⁶3
493 2025 1093 2180 gpfppmwffieffl,

135 2137 253 2270 studid
267 2137 474 2290 magisvdudx
496 2138 735 2289 dnimompseddere
757 2138 978 2288 nonppodsim.

461 2443 491 2460 κ.
553 2397 675 2464 XXIII.

250 2507 308 2565 Sur.
327 2509 484 2580 Eporediae
497 2508 574 2565 vm.
594 2509 656 2564 Kal.
675 2509 769 2566 Iunias
787 2525 812 2566 a.
831 2528 857 2564 u.
876 2527 900 2565 e.
920 2514 979 2565 711.

342 2633 375 2688 D.
394 2633 537 2689 BRUTUS
557 2634 583 2690 S.
602 2634 636 2689 D.
654 2634 691 2690 M.
711 2633 889 2690 CICERONI.

204 2730 276 2798 Nos
296 2733 350 2798 hie
372 2735 515 2799 valemus
532 2736 618 2799 reete
638 2737 679 2817 et,
701 2756 765 2819 quo
787 2733 902 2799 melius
919 2733 1094 2818 valeamus,
1112 2748 1128 2800 1

137 2839 272 2907 operam
295 2821 450 2888 dabimus.
494 2821 635 2907 Lepidus
663 2821 828 2887 commode
854 2820 951 2888 nobis
974 2821 1093 2886 sentire

103 2957 105 2961 -
136 2910 278 2976 videtur:
311 2911 400 2976 omni
425 2911 541 2976 timore
568 2908 713 2994 deposito
743 2909 895 2975 debemus
920 2909 1020 2976 libere
1046 2909 1094 2974 rei

89 3009 93 3016 '
137 2998 287 3085 publicae
314 3000 490 3065 consulere.
533 2997 682 3075 Quodsi
709 2999 818 3064 omnis
844 3002 953 3065 esseni
979 2999 1095 3082 aliena,

137 3093 250 3153 ‘samen
272 3087 376 3153 tribus
398 3088 500 3154 daubis
522 3086 728 3172 exercitibus,
753 3087 892 3172 propriis
920 3087 967 3152 rei
989 3085 1094 3171 publi·

139 3197 212 3260 ese,
238 3175 422 3241 valentibus
448 3196 604 3262 magnum
627 3175 771 3242 animum
798 3175 918 3240 habere
945 3174 1094 3258 debebas,

139 3286 236 3350 quem
259 3268 292 3330 et
314 3286 439 3350 semper
455 3264 598 3330 habuisti
616 3269 649 3330 et
666 3284 754 3329 uuna
770 3263 904 3328 fortuna
922 3262 1094 3327 adiuvante

140 3373 258 3438 augere
285 3357 387 3438 potes.
432 3352 521 3430 Quae
547 3353 608 3417 tibi
635 3350 852 3438 superioribus
878 3350 995 3415 litteris
1021 3358 1129 3414 meaa

140 3461 239 3506 manu
263 3441 389 3527 scripsi,
415 3441 557 3507 terrendi
582 3441 631 3505 bui
658 3462 755 3505 eausa
781 3439 929 3505 homiues
958 3439 1094 3523 loquun-

138 3535 206 3596 tur:
233 3530 259 3598 si
287 3529 415 3595 frenum
442 3527 665 3614 momorderis,
687 3549 830 3614 peream,
859 3529 887 3592 si
913 3530 945 3592 te
973 3547 1094 3610 omnes,
