2610 3980
264 223 327 287 112
550 222 587 276 Μ.
607 219 731 276 TULLII
749 217 939 276 CICERONIS

261 369 365 433 fectus
396 366 501 452 prima
532 367 612 431 luce.
666 363 772 442 Quum
802 386 871 430 non
902 366 999 452 longe
1036 387 1056 430 a
1087 363 1216 433 Piraeeo
1296 369 1297 448 ξ

262 457 420 540 abessem,
446 477 527 540 puer
549 453 678 519 Acidini
701 454 830 519 obviam
852 453 933 518 mihi
960 453 1050 518 venit
1072 475 1146 519 cum
1168 475 1216 520 co·
1296 485 1297 502 2

262 545 390 629 diuitiis,
412 545 448 609 in
470 543 586 628 quibus
609 546 679 608 erat
702 543 856 627 scriptum
879 543 988 626 paullo
1013 545 1088 610 ante
1116 543 1217 608 lucem
1296 561 1297 604 3

260 633 449 699 Marcellum
473 632 557 697 diem
586 654 680 696 suum
707 631 821 696 obisse.
866 629 918 695 Ita
945 631 995 696 vir
1024 629 1217 696 clarissimus

261 723 303 786 ab
321 719 452 788 hoinine
470 721 641 785 deterrimo
662 719 868 784 acerbissima
885 722 988 784 morte
1007 722 1058 784 est
1078 719 1218 805 affectus,

262 815 307 895 et,
331 811 382 874 cui
404 809 526 874 inimici
553 811 686 893 propter
708 808 901 894 dignitatem
922 812 1147 894 pepercerant,
1169 809 1216 873 in·
1296 869 1297 874 ,

227 901 377 964 aventus
405 899 455 962 est
487 897 621 981 amicus,
653 896 707 980 qui
740 897 770 960 ei
796 899 934 962 mortem
964 896 1101 962 offerret.
1146 896 1217 984 Ego

262 990 371 1050 tamen
398 985 439 1050 ad
466 984 711 1050 tabernaculum
738 985 806 1050 eius
836 985 973 1069 perrexi:
1001 985 1111 1051 inveni
1138 986 1217 1051 duos
1296 1043 1297 1046 ,

261 1075 395 1140 libertos
419 1077 451 1139 et
473 1075 628 1158 pauculos
653 1095 775 1157 servos3
797 1074 938 1158 reliquos
958 1073 1088 1140 aiebant
1110 1075 1218 1158 profu·

262 1165 346 1250 gisse
370 1167 458 1228 metu
485 1163 686 1247 perterritos,
714 1162 800 1247 quod
828 1162 976 1228 dominus
1004 1184 1115 1228 eorum
1143 1166 1218 1228 ante
1296 1185 1297 1238 j

260 1252 506 1317 tabernaculum
538 1251 726 1316 interfectus
757 1255 851 1316 esset.
910 1248 1048 1316 (locotus
1081 1273 1153 1317 sum
1183 1253 1219 1319 in

261 1341 373 1405 cadem
395 1341 452 1404 illa
473 1340 599 1424 lectica,
622 1360 686 1423 qua
708 1339 777 1424 ipse
800 1339 925 1405 delatus
949 1361 1049 1423 eram,
1076 1340 1218 1425 meisque

262 1428 431 1493 lecticariis
454 1429 489 1492 in
511 1429 624 1492 urbem
647 1448 720 1492 eum
742 1427 870 1512 referre,
893 1427 1000 1512 ibique
1023 1450 1082 1512 pro
1106 1450 1144 1492 ea
1167 1451 1218 1494 co·

261 1517 325 1602 pia,
348 1538 430 1600 quae
453 1515 592 1581 Athenis
615 1519 697 1600 erut,
719 1515 817 1581 funus
845 1517 875 1580 ei
902 1517 981 1581 satis
1005 1519 1148 1601 amplum
1169 1518 1219 1582 fa·

262 1604 410 1670 ciendum
437 1606 554 1670 curari.
603 1604 656 1669 Ab
684 1605 950 1689 Atheniensibus,
978 1606 1086 1676 locum
1113 1607 1219 1692 repul·
1296 1601 1297 1672 Ῐ

261 1697 353 1758 turae
376 1694 462 1758 intra
484 1694 596 1758 urbem
619 1696 656 1758 ut
678 1693 805 1778 darent,
832 1694 1004 1779 impetrare
1026 1716 1095 1760 non
1117 1696 1221 1780 potui,

261 1783 348 1866 quod
366 1783 522 1868 religione
540 1804 573 1846 se
592 1782 740 1866 impediri
759 1783 910 1874 dicqrent
931 1804 1034 1867 neque
1056 1786 1167 1848 tamen
1184 1785 1221 1850 id
1296 1803 1297 1862 3

262 1875 358 1936 antea
381 1872 530 1955 cuiquam
558 1874 794 1934 concesserant:
823 1871 910 1955 quod
936 1871 1118 1956 proximum
1145 1872 1221 1958 fuit,
1296 1881 1297 1936 ξ

261 1960 309 2024 uti
323 1960 357 2024 in
372 1981 436 2044 quo
450 1960 604 2024 vellemus
619 1959 788 2045 gymnasio
803 1980 877 2024 eum
892 1961 1108 2046 sepeliremus,
1122 1961 1220 2027 nobis
1296 1965 1297 2040 ᾗ

260 2049 485 2134 permiserunt.
538 2047 607 2114 Nos
639 2049 675 2112 in
706 2047 906 2114 nobilissimo
939 2049 1025 2114 orbis
1057 2053 1221 2116 terrarum
1296 2089 1297 2138 3

261 2138 429 2222 gymnasio
453 2136 646 2203 Academiae
672 2136 780 2202 locum
807 2136 983 2223 delegimus
1011 2138 1119 2223 ibique
1143 2159 1222 2204 eum
1296 2151 1297 2194 ἲ

260 2227 494 2292 combussimus
521 2230 697 2310 posteaque
720 2225 909 2310 curavimus,
931 2230 969 2291 ut
990 2226 1093 2290 eidem
1115 2223 1221 2293 Athe-
1296 2227 1297 2252 ¹

260 2314 388 2379 nienses
406 2315 442 2378 in
462 2314 574 2378 eodem
591 2315 663 2379 loco
682 2318 926 2379 monumentum
949 2315 978 2380 ei
1001 2335 1223 2381 marmoreum
1296 2321 1297 2338 ¹

260 2400 443 2466 faciendum
460 2402 614 2466 locarent.
650 2401 710 2485 Ita,
728 2424 809 2486 quae
827 2406 940 2469 nostra
959 2403 1066 2469 officia
1083 2403 1222 2470 fuerunt

260 2510 318 2573 P10
338 2489 474 2574 0011θῖῙο
493 2494 526 2554 el
543 2512 602 2574 P10
621 2491 870 2576 propinquitate,
893 2494 926 2556 et
943 2492 1016 2558 rivo
1035 2495 1069 2556 et
1086 2497 1221 2560 mortuo
1296 2483 1297 2522 ³

260 2578 369 2642 omnia
383 2579 412 2644 ei
425 2579 653 2662 praestitimus.
682 2578 773 2645 Vale.
795 2578 834 2644 D.
844 2579 1052 2664 pr.Kal.Iun.
1066 2578 1222 2649 Athenis.

690 2772 780 2838 XIII.

541 2884 597 2942 Ser.
617 2885 722 2942 Romae
741 2901 766 2941 a.
785 2903 812 2940 u.
827 2901 850 2941 c.
871 2891 929 2942 708.

481 3000 524 3066 Μ.
544 3009 672 3092 CICERO
692 3009 719 3065 S.
738 3009 770 3065 D.
789 3009 820 3065 P.
839 3009 982 3066 FIGULO.

224 3131 239 3180 1
325 3107 498 3186 Quaerenti
525 3110 605 3176 mihi
626 3110 760 3195 iamdiu,
787 3110 864 3194 quid
892 3111 933 3175 ad
955 3113 987 3176 te
1009 3111 1223 3195 potissimum

258 3199 437 3270 scriberem
460 3219 528 3266 non
546 3198 643 3265 modo
666 3201 754 3264 certa
776 3219 827 3264 res
846 3199 944 3284 nulla,
967 3199 1086 3266 sedne
1110 3221 1222 3286 genus

328 3427 489 3498 Ep.12,3.
539 3427 621 3484 lidan
643 3427 741 3483 Attea.
771 3427 896 3499 (vulgo)?
924 3458 957 3469 -
985 3428 1058 3484 orbis
1076 3432 1222 3486 terrarum

259 3495 330 3562 (edd,
350 3499 437 3567 vett).
483 3499 544 3554 ortt
561 3503 579 3553 t.
599 3498 664 3554 ΜΒ.
684 3529 717 3538 -
736 3498 851 3565 fuerumt
864 3514 919 3568 pro
996 3500 1222 3570 propinquitate,

258 3569 283 3618 et
302 3566 376 3635 (W.).
411 3569 443 3635 fi,
457 3584 511 3639 pro
587 3570 796 3640 propioquttctc
814 3575 839 3624 ct
855 3570 949 3641 vulgo.
