<?xml version="1.0" encoding="UTF-8"?>
<!DOCTYPE html PUBLIC "-//W3C//DTD XHTML 1.0 Transitional//EN"
    "http://www.w3.org/TR/xhtml1/DTD/xhtml1-transitional.dtd">
<html xmlns="http://www.w3.org/1999/xhtml" xml:lang="en" lang="en">
 <head>
  <title>
</title>
<meta http-equiv="Content-Type" content="text/html;charset=utf-8" />
  <meta name='ocr-system' content='tesseract 3.04.00' />
  <meta name='ocr-capabilities' content='ocr_page ocr_carea ocr_par ocr_line ocrx_word'/>
</head>
<body>
  <div class='ocr_page' id='page_1' title='image "./epistolae00wesegoog_0343.png"; bbox 0 0 2644 3988; ppageno 0'>
   <div class='ocr_carea' id='block_1_1' title="bbox 391 239 1210 307">
    <p class='ocr_par' dir='ltr' id='par_1_1' title="bbox 391 239 1210 307">
     <span class='ocr_line' id='line_1_1' title="bbox 391 239 1210 307; baseline 0.012 -9"><span class='ocrx_word' id='word_1_1' title='bbox 391 243 650 300; x_wconf 78' lang='lat' dir='ltr'>nersnonneon</span> <span class='ocrx_word' id='word_1_2' title='bbox 667 243 701 298; x_wconf 89' lang='lat' dir='ltr'>x.</span> <span class='ocrx_word' id='word_1_3' title='bbox 721 249 835 300; x_wconf 78' lang='lat' dir='ltr'>ae-ae.</span> <span class='ocrx_word' id='word_1_4' title='bbox 1022 241 1085 307; x_wconf 84' lang='lat'>331</span> <span class='ocrx_word' id='word_1_5' title='bbox 1204 239 1210 244; x_wconf 83' lang='grc'><strong>’</strong></span> 
     </span>
    </p>
   </div>
   <div class='ocr_carea' id='block_1_2' title="bbox 125 387 1207 1536">
    <p class='ocr_par' dir='ltr' id='par_1_2' title="bbox 125 387 1207 1536">
     <span class='ocr_line' id='line_1_2' title="bbox 126 387 1087 475; baseline -0.001 -22"><span class='ocrx_word' id='word_1_6' title='bbox 126 389 182 474; x_wconf 85' lang='lat' dir='ltr'>sis,</span> <span class='ocrx_word' id='word_1_7' title='bbox 199 389 335 454; x_wconf 86' lang='lat' dir='ltr'>moleste</span> <span class='ocrx_word' id='word_1_8' title='bbox 353 389 415 454; x_wconf 87' lang='lat' dir='ltr'>tuli</span> <span class='ocrx_word' id='word_1_9' title='bbox 432 392 465 455; x_wconf 91' lang='lat' dir='ltr'>te</span> <span class='ocrx_word' id='word_1_10' title='bbox 485 389 611 454; x_wconf 89' lang='lat' dir='ltr'>senatui</span> <span class='ocrx_word' id='word_1_11' title='bbox 630 389 751 475; x_wconf 77' lang='lat' dir='ltr'>gratias</span> <span class='ocrx_word' id='word_1_12' title='bbox 769 410 837 454; x_wconf 90' lang='lat' dir='ltr'>non</span> <span class='ocrx_word' id='word_1_13' title='bbox 855 387 968 473; x_wconf 83' lang='lat' dir='ltr'>egisse,</span> <span class='ocrx_word' id='word_1_14' title='bbox 988 409 1087 472; x_wconf 89' lang='lat' dir='ltr'>quum</span> 
     </span>
     <span class='ocr_line' id='line_1_3' title="bbox 126 476 1086 544; baseline -0.002 -2"><span class='ocrx_word' id='word_1_15' title='bbox 126 499 214 543; x_wconf 89' lang='lat' dir='ltr'>esses</span> <span class='ocrx_word' id='word_1_16' title='bbox 229 478 270 542; x_wconf 90' lang='lat' dir='ltr'>ab</span> <span class='ocrx_word' id='word_1_17' title='bbox 285 498 322 543; x_wconf 92' lang='lat' dir='ltr'>eo</span> <span class='ocrx_word' id='word_1_18' title='bbox 338 478 449 543; x_wconf 90' lang='lat' dir='ltr'>ordine</span> <span class='ocrx_word' id='word_1_19' title='bbox 469 481 602 543; x_wconf 88' lang='lat' dir='ltr'>ornatus</span> <span class='ocrx_word' id='word_1_20' title='bbox 621 477 753 544; x_wconf 88' lang='lat' dir='ltr'>summis</span> <span class='ocrx_word' id='word_1_21' title='bbox 770 476 958 543; x_wconf 81' lang='lat' dir='ltr'><strong>honoribus.</strong></span> <span class='ocrx_word' id='word_1_22' title='bbox 993 476 1086 541; x_wconf 91' lang='lat' dir='ltr'>Pacis</span> 
     </span>
     <span class='ocr_line' id='line_1_4' title="bbox 125 565 1086 650; baseline -0.002 -19"><span class='ocrx_word' id='word_1_23' title='bbox 125 567 214 631; x_wconf 90' lang='lat' dir='ltr'>inter</span> <span class='ocrx_word' id='word_1_24' title='bbox 246 567 331 631; x_wconf 90' lang='lat' dir='ltr'>cives</span> <span class='ocrx_word' id='word_1_25' title='bbox 363 566 582 631; x_wconf 79' lang='lat' dir='ltr'>conciliandae</span> <span class='ocrx_word' id='word_1_26' title='bbox 617 570 651 631; x_wconf 89' lang='lat' dir='ltr'>te</span> <span class='ocrx_word' id='word_1_27' title='bbox 682 566 833 650; x_wconf 88' lang='lat' dir='ltr'>cupidum</span> <span class='ocrx_word' id='word_1_28' title='bbox 870 586 939 632; x_wconf 84' lang='lat' dir='ltr'>esse</span> <span class='ocrx_word' id='word_1_29' title='bbox 970 565 1086 630; x_wconf 87' lang='lat' dir='ltr'>laetor:</span> 
     </span>
     <span class='ocr_line' id='line_1_5' title="bbox 127 653 1087 741; baseline -0.001 -22"><span class='ocrx_word' id='word_1_30' title='bbox 127 675 201 719; x_wconf 88' lang='lat' dir='ltr'>eam</span> <span class='ocrx_word' id='word_1_31' title='bbox 224 655 252 719; x_wconf 84' lang='lat' dir='ltr'>si</span> <span class='ocrx_word' id='word_1_32' title='bbox 275 677 294 718; x_wconf 90' lang='lat' dir='ltr'>a</span> <span class='ocrx_word' id='word_1_33' title='bbox 317 655 470 720; x_wconf 84' lang='lat' dir='ltr'>servitute</span> <span class='ocrx_word' id='word_1_34' title='bbox 494 656 659 741; x_wconf 89' lang='lat' dir='ltr'>seiunges,</span> <span class='ocrx_word' id='word_1_35' title='bbox 682 655 836 721; x_wconf 61' lang='lat' dir='ltr'>‘consules</span> <span class='ocrx_word' id='word_1_36' title='bbox 858 657 892 718; x_wconf 90' lang='lat' dir='ltr'>et</span> <span class='ocrx_word' id='word_1_37' title='bbox 914 654 961 718; x_wconf 89' lang='lat' dir='ltr'>rei</span> <span class='ocrx_word' id='word_1_38' title='bbox 982 653 1087 738; x_wconf 90' lang='lat' dir='ltr'>publi·</span> 
     </span>
     <span class='ocr_line' id='line_1_6' title="bbox 126 741 1086 829; baseline -0.001 -23"><span class='ocrx_word' id='word_1_39' title='bbox 126 763 185 807; x_wconf 87' lang='lat' dir='ltr'>eae</span> <span class='ocrx_word' id='word_1_40' title='bbox 209 746 242 807; x_wconf 90' lang='lat' dir='ltr'>et</span> <span class='ocrx_word' id='word_1_41' title='bbox 264 743 418 829; x_wconf 73' lang='lat' dir='ltr'>dignitati</span> <span class='ocrx_word' id='word_1_42' title='bbox 439 747 528 828; x_wconf 80' lang='lat' dir='ltr'>tuae3</span> <span class='ocrx_word' id='word_1_43' title='bbox 556 745 607 808; x_wconf 89' lang='lat' dir='ltr'>sin</span> <span class='ocrx_word' id='word_1_44' title='bbox 629 745 693 809; x_wconf 90' lang='lat' dir='ltr'>ista</span> <span class='ocrx_word' id='word_1_45' title='bbox 715 765 779 827; x_wconf 86' lang='lat' dir='ltr'>pax</span> <span class='ocrx_word' id='word_1_46' title='bbox 801 742 963 828; x_wconf 89' lang='lat' dir='ltr'>perditum</span> <span class='ocrx_word' id='word_1_47' title='bbox 984 741 1086 806; x_wconf 91' lang='lat' dir='ltr'>homi·</span> 
     </span>
     <span class='ocr_line' id='line_1_7' title="bbox 126 831 1086 917; baseline -0.001 -22"><span class='ocrx_word' id='word_1_48' title='bbox 126 851 205 896; x_wconf 91' lang='lat' dir='ltr'>nem</span> <span class='ocrx_word' id='word_1_49' title='bbox 217 832 254 895; x_wconf 89' lang='lat' dir='ltr'>in</span> <span class='ocrx_word' id='word_1_50' title='bbox 267 833 503 916; x_wconf 89' lang='lat' dir='ltr'>possessionem</span> <span class='ocrx_word' id='word_1_51' title='bbox 516 832 779 917; x_wconf 76' lang='lat' dir='ltr'>impotentissimi</span> <span class='ocrx_word' id='word_1_52' title='bbox 793 832 978 897; x_wconf 81' lang='lat' dir='ltr'>dominatus</span> <span class='ocrx_word' id='word_1_53' title='bbox 996 831 1086 894; x_wconf 87' lang='lat' dir='ltr'>resti·</span> 
     </span>
     <span class='ocr_line' id='line_1_8' title="bbox 126 920 1087 1005; baseline -0.002 -21"><span class='ocrx_word' id='word_1_54' title='bbox 126 922 240 984; x_wconf 76' lang='lat' dir='ltr'>tuturo</span> <span class='ocrx_word' id='word_1_55' title='bbox 262 923 325 1005; x_wconf 80' lang='lat' dir='ltr'>est,</span> <span class='ocrx_word' id='word_1_56' title='bbox 350 920 413 986; x_wconf 88' lang='lat' dir='ltr'>hoc</span> <span class='ocrx_word' id='word_1_57' title='bbox 441 921 549 986; x_wconf 90' lang='lat' dir='ltr'>animo</span> <span class='ocrx_word' id='word_1_58' title='bbox 577 921 658 986; x_wconf 85' lang='lat' dir='ltr'>seito</span> <span class='ocrx_word' id='word_1_59' title='bbox 682 942 793 986; x_wconf 90' lang='lat' dir='ltr'>omnes</span> <span class='ocrx_word' id='word_1_60' title='bbox 820 941 890 985; x_wconf 90' lang='lat' dir='ltr'>esse</span> <span class='ocrx_word' id='word_1_61' title='bbox 913 939 1023 1002; x_wconf 89' lang='lat' dir='ltr'>sanos,</span> <span class='ocrx_word' id='word_1_62' title='bbox 1050 922 1087 983; x_wconf 91' lang='lat' dir='ltr'>ut</span> 
     </span>
     <span class='ocr_line' id='line_1_9' title="bbox 126 1007 1121 1094; baseline 0 -22"><span class='ocrx_word' id='word_1_63' title='bbox 126 1012 267 1073; x_wconf 87' lang='lat' dir='ltr'>mortem</span> <span class='ocrx_word' id='word_1_64' title='bbox 281 1009 428 1074; x_wconf 84' lang='lat' dir='ltr'>servituti</span> <span class='ocrx_word' id='word_1_65' title='bbox 447 1013 658 1094; x_wconf 79' lang='lat' dir='ltr'>anteponant.</span> <span class='ocrx_word' id='word_1_66' title='bbox 694 1007 808 1092; x_wconf 88' lang='lat' dir='ltr'>Itaque</span> <span class='ocrx_word' id='word_1_67' title='bbox 821 1008 1000 1093; x_wconf 88' lang='lat' dir='ltr'>sapientius</span> <span class='ocrx_word' id='word_1_68' title='bbox 1014 1028 1085 1072; x_wconf 90' lang='lat' dir='ltr'>meo</span> <span class='ocrx_word' id='word_1_69' title='bbox 1105 1015 1121 1064; x_wconf 72' lang='lat'><em>2</em></span> 
     </span>
     <span class='ocr_line' id='line_1_10' title="bbox 126 1096 1086 1182; baseline -0.001 -22"><span class='ocrx_word' id='word_1_70' title='bbox 126 1096 258 1180; x_wconf 90' lang='lat' dir='ltr'>quidem</span> <span class='ocrx_word' id='word_1_71' title='bbox 280 1097 398 1163; x_wconf 90' lang='lat' dir='ltr'>iudicio</span> <span class='ocrx_word' id='word_1_72' title='bbox 422 1098 531 1182; x_wconf 87' lang='lat' dir='ltr'>facies,</span> <span class='ocrx_word' id='word_1_73' title='bbox 553 1098 582 1162; x_wconf 89' lang='lat' dir='ltr'>si</span> <span class='ocrx_word' id='word_1_74' title='bbox 603 1101 636 1161; x_wconf 92' lang='lat' dir='ltr'>te</span> <span class='ocrx_word' id='word_1_75' title='bbox 657 1097 693 1162; x_wconf 91' lang='lat' dir='ltr'>in</span> <span class='ocrx_word' id='word_1_76' title='bbox 715 1097 812 1161; x_wconf 86' lang='lat' dir='ltr'>istam</span> <span class='ocrx_word' id='word_1_77' title='bbox 830 1096 1086 1180; x_wconf 86' lang='lat' dir='ltr'>pacificationem</span> 
     </span>
     <span class='ocr_line' id='line_1_11' title="bbox 125 1183 1207 1271; baseline -0.002 -22"><span class='ocrx_word' id='word_1_78' title='bbox 125 1206 197 1250; x_wconf 90' lang='lat' dir='ltr'>non</span> <span class='ocrx_word' id='word_1_79' title='bbox 224 1186 425 1271; x_wconf 79' lang='lat' dir='ltr'>interponas,</span> <span class='ocrx_word' id='word_1_80' title='bbox 453 1207 534 1270; x_wconf 89' lang='lat' dir='ltr'>quae</span> <span class='ocrx_word' id='word_1_81' title='bbox 557 1207 661 1270; x_wconf 89' lang='lat' dir='ltr'>neque</span> <span class='ocrx_word' id='word_1_82' title='bbox 685 1183 943 1269; x_wconf 90' lang='lat' dir='ltr'>senatuineque</span> <span class='ocrx_word' id='word_1_83' title='bbox 965 1183 1086 1267; x_wconf 92' lang='lat' dir='ltr'>populo</span> <span class='ocrx_word' id='word_1_84' title='bbox 1205 1263 1207 1271; x_wconf 19' lang='lat' dir='ltr'><em>A</em></span> 
     </span>
     <span class='ocr_line' id='line_1_12' title="bbox 125 1271 1088 1359; baseline -0.002 -22"><span class='ocrx_word' id='word_1_85' title='bbox 125 1294 189 1338; x_wconf 91' lang='lat' dir='ltr'>nec</span> <span class='ocrx_word' id='word_1_86' title='bbox 212 1274 361 1358; x_wconf 89' lang='lat' dir='ltr'>cuiquam</span> <span class='ocrx_word' id='word_1_87' title='bbox 389 1274 475 1340; x_wconf 92' lang='lat' dir='ltr'>bono</span> <span class='ocrx_word' id='word_1_88' title='bbox 503 1275 668 1359; x_wconf 87' lang='lat' dir='ltr'>probatur.</span> <span class='ocrx_word' id='word_1_89' title='bbox 718 1271 780 1338; x_wconf 86' lang='lat' dir='ltr'>Sed</span> <span class='ocrx_word' id='word_1_90' title='bbox 807 1272 887 1338; x_wconf 88' lang='lat' dir='ltr'>haee</span> <span class='ocrx_word' id='word_1_91' title='bbox 915 1272 1025 1336; x_wconf 87' lang='lat' dir='ltr'>audies</span> <span class='ocrx_word' id='word_1_92' title='bbox 1049 1293 1088 1336; x_wconf 82' lang='lat' dir='ltr'>ex</span> 
     </span>
     <span class='ocr_line' id='line_1_13' title="bbox 126 1359 1087 1448; baseline -0.002 -21"><span class='ocrx_word' id='word_1_93' title='bbox 126 1361 201 1427; x_wconf 87' lang='lat' dir='ltr'>aliis</span> <span class='ocrx_word' id='word_1_94' title='bbox 225 1367 282 1427; x_wconf 91' lang='lat' dir='ltr'>aut</span> <span class='ocrx_word' id='word_1_95' title='bbox 304 1363 422 1430; x_wconf 83' lang='lat' dir='ltr'>certior</span> <span class='ocrx_word' id='word_1_96' title='bbox 443 1364 502 1428; x_wconf 90' lang='lat' dir='ltr'>fies</span> <span class='ocrx_word' id='word_1_97' title='bbox 524 1363 653 1428; x_wconf 87' lang='lat' dir='ltr'>litteris:</span> <span class='ocrx_word' id='word_1_98' title='bbox 680 1366 718 1427; x_wconf 90' lang='lat' dir='ltr'>tu</span> <span class='ocrx_word' id='word_1_99' title='bbox 744 1382 804 1448; x_wconf 88' lang='lat' dir='ltr'>pro</span> <span class='ocrx_word' id='word_1_100' title='bbox 826 1365 884 1426; x_wconf 88' lang='lat' dir='ltr'>tua</span> <span class='ocrx_word' id='word_1_101' title='bbox 905 1359 1087 1446; x_wconf 88' lang='lat' dir='ltr'>prudentia,</span> 
     </span>
     <span class='ocr_line' id='line_1_14' title="bbox 126 1450 728 1536; baseline 0 -21"><span class='ocrx_word' id='word_1_102' title='bbox 126 1450 207 1536; x_wconf 89' lang='lat' dir='ltr'>qnid</span> <span class='ocrx_word' id='word_1_103' title='bbox 230 1451 388 1535; x_wconf 89' lang='lat' dir='ltr'>optimum</span> <span class='ocrx_word' id='word_1_104' title='bbox 409 1453 500 1518; x_wconf 83' lang='lat' dir='ltr'>factu</span> <span class='ocrx_word' id='word_1_105' title='bbox 523 1452 573 1536; x_wconf 87' lang='lat' dir='ltr'>sit,</span> <span class='ocrx_word' id='word_1_106' title='bbox 596 1451 728 1517; x_wconf 82' lang='lat' dir='ltr'>videbis.</span> 
     </span>
    </p>
   </div>
   <div class='ocr_carea' id='block_1_3' title="bbox 529 1645 685 1711">
    <p class='ocr_par' dir='ltr' id='par_1_3' title="bbox 529 1645 685 1711">
     <span class='ocr_line' id='line_1_15' title="bbox 529 1645 685 1711; baseline 0.006 -1"><span class='ocrx_word' id='word_1_107' title='bbox 529 1645 685 1711; x_wconf 88' lang='lat' dir='ltr'>XXVIII.</span> 
     </span>
    </p>
   </div>
   <div class='ocr_carea' id='block_1_4' title="bbox 269 1756 950 1814">
    <p class='ocr_par' dir='ltr' id='par_1_4' title="bbox 269 1756 950 1814">
     <span class='ocr_line' id='line_1_16' title="bbox 269 1756 950 1814; baseline 0 -2"><span class='ocrx_word' id='word_1_108' title='bbox 269 1756 325 1812; x_wconf 78' lang='lat' dir='ltr'>scr.</span> <span class='ocrx_word' id='word_1_109' title='bbox 345 1757 450 1812; x_wconf 84' lang='lat' dir='ltr'>Itomae</span> <span class='ocrx_word' id='word_1_110' title='bbox 468 1773 563 1814; x_wconf 85' lang='lat' dir='ltr'>mense</span> <span class='ocrx_word' id='word_1_111' title='bbox 582 1757 736 1813; x_wconf 79' lang='lat' dir='ltr'>Februario</span> <span class='ocrx_word' id='word_1_112' title='bbox 755 1773 780 1812; x_wconf 84' lang='lat' dir='ltr'>a.</span> <span class='ocrx_word' id='word_1_113' title='bbox 800 1772 826 1811; x_wconf 81' lang='lat' dir='ltr'>n</span> <span class='ocrx_word' id='word_1_114' title='bbox 845 1771 869 1812; x_wconf 86' lang='lat' dir='ltr'>c.</span> <span class='ocrx_word' id='word_1_115' title='bbox 889 1761 950 1812; x_wconf 83' lang='grc'><strong>111.</strong></span> 
     </span>
    </p>
   </div>
   <div class='ocr_carea' id='block_1_5' title="bbox 391 1879 821 1938">
    <p class='ocr_par' dir='ltr' id='par_1_5' title="bbox 391 1879 821 1938">
     <span class='ocr_line' id='line_1_17' title="bbox 391 1879 821 1938; baseline -0.002 -2"><span class='ocrx_word' id='word_1_116' title='bbox 391 1879 520 1937; x_wconf 74' lang='lat' dir='ltr'>CICERO</span> <span class='ocrx_word' id='word_1_117' title='bbox 539 1880 725 1938; x_wconf 80' lang='lat' dir='ltr'>TREBONIO</span> <span class='ocrx_word' id='word_1_118' title='bbox 746 1881 821 1936; x_wconf 84' lang='lat' dir='ltr'>SAL.</span> 
     </span>
    </p>
   </div>
   <div class='ocr_carea' id='block_1_6' title="bbox 127 1978 1120 2862">
    <p class='ocr_par' dir='ltr' id='par_1_6' title="bbox 127 1978 1120 2862">
     <span class='ocr_line' id='line_1_18' title="bbox 197 1978 1120 2066; baseline -0.002 -20"><span class='ocrx_word' id='word_1_119' title='bbox 197 1978 302 2056; x_wconf 81' lang='lat' dir='ltr'>Quam</span> <span class='ocrx_word' id='word_1_120' title='bbox 328 1981 444 2046; x_wconf 80' lang='lat' dir='ltr'>vellem</span> <span class='ocrx_word' id='word_1_121' title='bbox 471 1981 512 2046; x_wconf 92' lang='lat' dir='ltr'>ad</span> <span class='ocrx_word' id='word_1_122' title='bbox 539 1981 612 2046; x_wconf 86' lang='lat' dir='ltr'>illas</span> <span class='ocrx_word' id='word_1_123' title='bbox 638 1980 870 2066; x_wconf 86' lang='lat' dir='ltr'>pulcherrimas</span> <span class='ocrx_word' id='word_1_124' title='bbox 897 1982 1009 2065; x_wconf 85' lang='lat' dir='ltr'>epulae</span> <span class='ocrx_word' id='word_1_125' title='bbox 1036 1988 1120 2044; x_wconf 70' lang='lat' dir='ltr'>met</span> 
     </span>
     <span class='ocr_line' id='line_1_19' title="bbox 127 2068 1088 2153; baseline -0.003 -19"><span class='ocrx_word' id='word_1_126' title='bbox 127 2068 242 2134; x_wconf 88' lang='lat' dir='ltr'>Idibus</span> <span class='ocrx_word' id='word_1_127' title='bbox 264 2068 390 2134; x_wconf 89' lang='lat' dir='ltr'>Martiis</span> <span class='ocrx_word' id='word_1_128' title='bbox 412 2068 836 2153; x_wconf 68' lang='lat' dir='ltr'>inutasestreliquiarum·</span> <span class='ocrx_word' id='word_1_129' title='bbox 849 2069 932 2134; x_wconf 90' lang='lat' dir='ltr'>nihil</span> <span class='ocrx_word' id='word_1_130' title='bbox 955 2068 1088 2133; x_wconf 87' lang='lat' dir='ltr'>habere·</span> 
     </span>
     <span class='ocr_line' id='line_1_20' title="bbox 128 2157 1088 2243; baseline -0.001 -21"><span class='ocrx_word' id='word_1_131' title='bbox 128 2179 215 2222; x_wconf 85' lang='lat' dir='ltr'>mus:</span> <span class='ocrx_word' id='word_1_132' title='bbox 239 2162 273 2222; x_wconf 89' lang='lat' dir='ltr'>at</span> <span class='ocrx_word' id='word_1_133' title='bbox 285 2179 373 2222; x_wconf 91' lang='lat' dir='ltr'>nunc</span> <span class='ocrx_word' id='word_1_134' title='bbox 387 2180 460 2224; x_wconf 90' lang='lat' dir='ltr'>cum</span> <span class='ocrx_word' id='word_1_135' title='bbox 477 2158 517 2223; x_wconf 89' lang='lat' dir='ltr'>iis</span> <span class='ocrx_word' id='word_1_136' title='bbox 530 2161 659 2223; x_wconf 85' lang='lat' dir='ltr'>tantum</span> <span class='ocrx_word' id='word_1_137' title='bbox 672 2157 796 2243; x_wconf 88' lang='lat' dir='ltr'>negotii</span> <span class='ocrx_word' id='word_1_138' title='bbox 815 2161 873 2241; x_wconf 84' lang='lat' dir='ltr'>est,</span> <span class='ocrx_word' id='word_1_139' title='bbox 890 2162 929 2222; x_wconf 84' lang='lat' dir='ltr'>nt</span> <span class='ocrx_word' id='word_1_140' title='bbox 945 2160 1088 2222; x_wconf 83' lang='lat' dir='ltr'>vestrum</span> 
     </span>
     <span class='ocr_line' id='line_1_21' title="bbox 127 2245 1088 2332; baseline -0.005 -20"><span class='ocrx_word' id='word_1_141' title='bbox 127 2246 210 2312; x_wconf 91' lang='lat' dir='ltr'>illud</span> <span class='ocrx_word' id='word_1_142' title='bbox 233 2246 378 2313; x_wconf 82' lang='lat' dir='ltr'>divinum</span> <span class='ocrx_word' id='word_1_143' title='bbox 399 2247 525 2311; x_wconf 87' lang='lat' dir='ltr'>iurem</span> <span class='ocrx_word' id='word_1_144' title='bbox 547 2246 709 2332; x_wconf 86' lang='lat' dir='ltr'>publicam</span> <span class='ocrx_word' id='word_1_145' title='bbox 736 2245 927 2312; x_wconf 87' lang='lat' dir='ltr'>beneficium</span> <span class='ocrx_word' id='word_1_146' title='bbox 949 2245 1088 2311; x_wconf 92' lang='lat' dir='ltr'>nonnul·</span> 
     </span>
     <span class='ocr_line' id='line_1_22' title="bbox 127 2333 1088 2420; baseline -0.001 -21"><span class='ocrx_word' id='word_1_147' title='bbox 127 2335 197 2400; x_wconf 88' lang='lat' dir='ltr'>lam</span> <span class='ocrx_word' id='word_1_148' title='bbox 218 2334 339 2400; x_wconf 86' lang='lat' dir='ltr'>habeat</span> <span class='ocrx_word' id='word_1_149' title='bbox 356 2336 528 2420; x_wconf 85' lang='lat' dir='ltr'>querelam.</span> <span class='ocrx_word' id='word_1_150' title='bbox 563 2334 656 2411; x_wconf 81' lang='lat' dir='ltr'>Quod</span> <span class='ocrx_word' id='word_1_151' title='bbox 674 2355 750 2400; x_wconf 81' lang='lat' dir='ltr'>vero</span> <span class='ocrx_word' id='word_1_152' title='bbox 769 2356 789 2399; x_wconf 87' lang='lat' dir='ltr'>a</span> <span class='ocrx_word' id='word_1_153' title='bbox 805 2337 848 2419; x_wconf 82' lang='lat' dir='ltr'>te,</span> <span class='ocrx_word' id='word_1_154' title='bbox 867 2335 936 2401; x_wconf 78' lang='lat' dir='ltr'>viro</span> <span class='ocrx_word' id='word_1_155' title='bbox 956 2333 1088 2419; x_wconf 89' lang='lat' dir='ltr'>optimo,</span> 
     </span>
     <span class='ocr_line' id='line_1_23' title="bbox 129 2422 1088 2508; baseline -0.001 -20"><span class='ocrx_word' id='word_1_156' title='bbox 129 2423 282 2489; x_wconf 88' lang='lat' dir='ltr'>seductus</span> <span class='ocrx_word' id='word_1_157' title='bbox 297 2426 347 2489; x_wconf 87' lang='lat' dir='ltr'>est</span> <span class='ocrx_word' id='word_1_158' title='bbox 363 2427 484 2508; x_wconf 89' lang='lat' dir='ltr'>tuoque</span> <span class='ocrx_word' id='word_1_159' title='bbox 497 2424 653 2489; x_wconf 87' lang='lat' dir='ltr'>beneficio</span> <span class='ocrx_word' id='word_1_160' title='bbox 667 2423 773 2488; x_wconf 85' lang='lat' dir='ltr'>adhuc</span> <span class='ocrx_word' id='word_1_161' title='bbox 786 2423 866 2488; x_wconf 88' lang='lat' dir='ltr'>vivit</span> <span class='ocrx_word' id='word_1_162' title='bbox 878 2424 959 2489; x_wconf 90' lang='lat' dir='ltr'>haee</span> <span class='ocrx_word' id='word_1_163' title='bbox 979 2422 1088 2506; x_wconf 84' lang='lat' dir='ltr'>pestis,</span> 
     </span>
     <span class='ocr_line' id='line_1_24' title="bbox 128 2511 1088 2597; baseline -0.001 -21"><span class='ocrx_word' id='word_1_164' title='bbox 128 2511 307 2597; x_wconf 82' lang='lat' dir='ltr'>interdum,</span> <span class='ocrx_word' id='word_1_165' title='bbox 339 2512 424 2596; x_wconf 88' lang='lat' dir='ltr'>quod</span> <span class='ocrx_word' id='word_1_166' title='bbox 457 2512 536 2577; x_wconf 91' lang='lat' dir='ltr'>mihi</span> <span class='ocrx_word' id='word_1_167' title='bbox 563 2512 616 2578; x_wconf 86' lang='lat' dir='ltr'>vix</span> <span class='ocrx_word' id='word_1_168' title='bbox 641 2513 693 2576; x_wconf 87' lang='lat' dir='ltr'>fas</span> <span class='ocrx_word' id='word_1_169' title='bbox 716 2515 779 2596; x_wconf 89' lang='lat' dir='ltr'>est,</span> <span class='ocrx_word' id='word_1_170' title='bbox 805 2511 866 2577; x_wconf 86' lang='lat' dir='ltr'>tibi</span> <span class='ocrx_word' id='word_1_171' title='bbox 893 2512 1088 2595; x_wconf 83' lang='lat' dir='ltr'>subirascor3</span> 
     </span>
     <span class='ocr_line' id='line_1_25' title="bbox 128 2599 1089 2686; baseline -0.003 -20"><span class='ocrx_word' id='word_1_172' title='bbox 128 2599 212 2666; x_wconf 91' lang='lat' dir='ltr'>mihi</span> <span class='ocrx_word' id='word_1_173' title='bbox 234 2601 321 2666; x_wconf 88' lang='lat' dir='ltr'>enim</span> <span class='ocrx_word' id='word_1_174' title='bbox 342 2601 466 2686; x_wconf 86' lang='lat' dir='ltr'>negotii</span> <span class='ocrx_word' id='word_1_175' title='bbox 487 2601 561 2685; x_wconf 87' lang='lat' dir='ltr'>plus</span> <span class='ocrx_word' id='word_1_176' title='bbox 583 2601 741 2684; x_wconf 86' lang='lat' dir='ltr'>reliquisti</span> <span class='ocrx_word' id='word_1_177' title='bbox 763 2600 821 2665; x_wconf 91' lang='lat' dir='ltr'>uni</span> <span class='ocrx_word' id='word_1_178' title='bbox 844 2622 941 2685; x_wconf 86' lang='lat' dir='ltr'>quam</span> <span class='ocrx_word' id='word_1_179' title='bbox 960 2603 1089 2685; x_wconf 88' lang='lat' dir='ltr'>praeter</span> 
     </span>
     <span class='ocr_line' id='line_1_26' title="bbox 128 2687 1087 2773; baseline 0 -21"><span class='ocrx_word' id='word_1_180' title='bbox 128 2709 182 2752; x_wconf 89' lang='lat' dir='ltr'>me</span> <span class='ocrx_word' id='word_1_181' title='bbox 205 2689 369 2772; x_wconf 81' lang='lat' dir='ltr'>omnibus3</span> <span class='ocrx_word' id='word_1_182' title='bbox 391 2692 429 2754; x_wconf 92' lang='lat' dir='ltr'>ut</span> <span class='ocrx_word' id='word_1_183' title='bbox 451 2689 538 2754; x_wconf 88' lang='lat' dir='ltr'>enim</span> <span class='ocrx_word' id='word_1_184' title='bbox 559 2690 698 2773; x_wconf 90' lang='lat' dir='ltr'>primum</span> <span class='ocrx_word' id='word_1_185' title='bbox 719 2693 794 2773; x_wconf 90' lang='lat' dir='ltr'>post</span> <span class='ocrx_word' id='word_1_186' title='bbox 811 2687 949 2756; x_wconf 89' lang='lat' dir='ltr'>Antonii</span> <span class='ocrx_word' id='word_1_187' title='bbox 971 2687 1087 2754; x_wconf 88' lang='lat' dir='ltr'>foedis-</span> 
     </span>
     <span class='ocr_line' id='line_1_27' title="bbox 129 2776 1088 2862; baseline 0 -20"><span class='ocrx_word' id='word_1_188' title='bbox 129 2777 249 2842; x_wconf 84' lang='lat' dir='ltr'>simum</span> <span class='ocrx_word' id='word_1_189' title='bbox 276 2777 451 2843; x_wconf 87' lang='lat' dir='ltr'>discessum</span> <span class='ocrx_word' id='word_1_190' title='bbox 479 2781 610 2843; x_wconf 87' lang='lat' dir='ltr'>senatus</span> <span class='ocrx_word' id='word_1_191' title='bbox 637 2776 750 2841; x_wconf 88' lang='lat' dir='ltr'>haberi</span> <span class='ocrx_word' id='word_1_192' title='bbox 776 2777 875 2842; x_wconf 87' lang='lat' dir='ltr'>libere</span> <span class='ocrx_word' id='word_1_193' title='bbox 898 2777 1018 2862; x_wconf 87' lang='lat' dir='ltr'>potuit,</span> <span class='ocrx_word' id='word_1_194' title='bbox 1046 2777 1088 2842; x_wconf 89' lang='lat' dir='ltr'>ad</span> 
     </span>
    </p>
   </div>
   <div class='ocr_carea' id='block_1_7' title="bbox 81 2865 1122 3408">
    <p class='ocr_par' dir='ltr' id='par_1_7' title="bbox 81 2865 1122 3408">
     <span class='ocr_line' id='line_1_28' title="bbox 128 2865 1088 2951; baseline 0.001 -22"><span class='ocrx_word' id='word_1_195' title='bbox 128 2865 223 2930; x_wconf 90' lang='lat' dir='ltr'>illum</span> <span class='ocrx_word' id='word_1_196' title='bbox 250 2866 394 2930; x_wconf 88' lang='lat' dir='ltr'>animum</span> <span class='ocrx_word' id='word_1_197' title='bbox 424 2887 532 2932; x_wconf 90' lang='lat' dir='ltr'>meum</span> <span class='ocrx_word' id='word_1_198' title='bbox 562 2866 680 2930; x_wconf 84' lang='lat' dir='ltr'>reverti</span> <span class='ocrx_word' id='word_1_199' title='bbox 710 2866 898 2951; x_wconf 76' lang='lat' dir='ltr'>pristinum,</span> <span class='ocrx_word' id='word_1_200' title='bbox 928 2885 1024 2949; x_wconf 87' lang='lat' dir='ltr'>quem</span> <span class='ocrx_word' id='word_1_201' title='bbox 1051 2868 1088 2930; x_wconf 88' lang='lat' dir='ltr'>tu</span> 
     </span>
     <span class='ocr_line' id='line_1_29' title="bbox 128 2953 1087 3039; baseline -0.001 -21"><span class='ocrx_word' id='word_1_202' title='bbox 128 2975 205 3018; x_wconf 90' lang='lat' dir='ltr'>cum</span> <span class='ocrx_word' id='word_1_203' title='bbox 227 2954 290 3018; x_wconf 86' lang='lat' dir='ltr'>civi</span> <span class='ocrx_word' id='word_1_204' title='bbox 312 2954 476 3039; x_wconf 86' lang='lat' dir='ltr'>acerrimo,</span> <span class='ocrx_word' id='word_1_205' title='bbox 498 2957 590 3039; x_wconf 88' lang='lat' dir='ltr'>patre</span> <span class='ocrx_word' id='word_1_206' title='bbox 607 2957 675 3038; x_wconf 81' lang='lat' dir='ltr'>tuo,</span> <span class='ocrx_word' id='word_1_207' title='bbox 696 2953 733 3017; x_wconf 88' lang='lat' dir='ltr'>in</span> <span class='ocrx_word' id='word_1_208' title='bbox 755 2975 809 3019; x_wconf 90' lang='lat' dir='ltr'>cre</span> <span class='ocrx_word' id='word_1_209' title='bbox 828 2957 862 3019; x_wconf 92' lang='lat' dir='ltr'>et</span> <span class='ocrx_word' id='word_1_210' title='bbox 879 2975 988 3020; x_wconf 88' lang='lat' dir='ltr'>amore</span> <span class='ocrx_word' id='word_1_211' title='bbox 1006 2974 1087 3018; x_wconf 90' lang='lat' dir='ltr'>sem-</span> 
     </span>
     <span class='ocr_line' id='line_1_30' title="bbox 128 3041 1122 3127; baseline -0.005 -21"><span class='ocrx_word' id='word_1_212' title='bbox 128 3062 190 3126; x_wconf 85' lang='lat' dir='ltr'>per</span> <span class='ocrx_word' id='word_1_213' title='bbox 207 3041 364 3126; x_wconf 82' lang='lat' dir='ltr'>habuisti3</span> <span class='ocrx_word' id='word_1_214' title='bbox 385 3063 472 3127; x_wconf 86' lang='lat' dir='ltr'>nam,</span> <span class='ocrx_word' id='word_1_215' title='bbox 490 3064 590 3126; x_wconf 90' lang='lat' dir='ltr'>quum</span> <span class='ocrx_word' id='word_1_216' title='bbox 608 3044 757 3106; x_wconf 89' lang='lat' dir='ltr'>senatum</span> <span class='ocrx_word' id='word_1_217' title='bbox 775 3063 803 3106; x_wconf 90' lang='lat' dir='ltr'>a.</span> <span class='ocrx_word' id='word_1_218' title='bbox 817 3042 847 3107; x_wconf 87' lang='lat' dir='ltr'>d.</span> <span class='ocrx_word' id='word_1_219' title='bbox 870 3057 947 3104; x_wconf 85' lang='lat' dir='ltr'>xm.</span> <span class='ocrx_word' id='word_1_220' title='bbox 968 3041 1087 3106; x_wconf 86' lang='lat' dir='ltr'>Kalen·</span> <span class='ocrx_word' id='word_1_221' title='bbox 1106 3053 1122 3101; x_wconf 78' lang='lat' dir='ltr'>a</span> 
     </span>
     <span class='ocr_line' id='line_1_31' title="bbox 128 3129 1088 3215; baseline -0.002 -21"><span class='ocrx_word' id='word_1_222' title='bbox 128 3131 188 3194; x_wconf 84' lang='lat' dir='ltr'>das</span> <span class='ocrx_word' id='word_1_223' title='bbox 211 3129 379 3196; x_wconf 84' lang='lat' dir='ltr'>Ianuariae</span> <span class='ocrx_word' id='word_1_224' title='bbox 401 3131 524 3196; x_wconf 85' lang='lat' dir='ltr'>tribuni</span> <span class='ocrx_word' id='word_1_225' title='bbox 546 3132 589 3215; x_wconf 88' lang='lat' dir='ltr'>pl.</span> <span class='ocrx_word' id='word_1_226' title='bbox 611 3131 816 3198; x_wconf 66' lang='lat' dir='ltr'>vocavissent</span> <span class='ocrx_word' id='word_1_227' title='bbox 842 3130 944 3214; x_wconf 86' lang='lat' dir='ltr'>deque</span> <span class='ocrx_word' id='word_1_228' title='bbox 967 3130 1031 3194; x_wconf 86' lang='lat' dir='ltr'>alia</span> <span class='ocrx_word' id='word_1_229' title='bbox 1052 3149 1088 3192; x_wconf 90' lang='lat' dir='ltr'>re</span> 
     </span>
     <span class='ocr_line' id='line_1_32' title="bbox 128 3216 1087 3303; baseline -0.004 -19"><span class='ocrx_word' id='word_1_230' title='bbox 128 3218 296 3302; x_wconf 84' lang='lat' dir='ltr'>referrent,</span> <span class='ocrx_word' id='word_1_231' title='bbox 318 3222 422 3284; x_wconf 92' lang='lat' dir='ltr'>totam</span> <span class='ocrx_word' id='word_1_232' title='bbox 443 3241 512 3284; x_wconf 89' lang='lat' dir='ltr'>rem</span> <span class='ocrx_word' id='word_1_233' title='bbox 534 3218 697 3303; x_wconf 89' lang='lat' dir='ltr'>publicam</span> <span class='ocrx_word' id='word_1_234' title='bbox 720 3241 791 3284; x_wconf 85' lang='lat' dir='ltr'>sum</span> <span class='ocrx_word' id='word_1_235' title='bbox 814 3218 998 3301; x_wconf 87' lang='lat' dir='ltr'>complexus</span> <span class='ocrx_word' id='word_1_236' title='bbox 1022 3216 1087 3300; x_wconf 86' lang='lat' dir='ltr'>egi·</span> 
     </span>
     <span class='ocr_line' id='line_1_33' title="bbox 81 3305 1088 3408; baseline -0.006 -35"><span class='ocrx_word' id='word_1_237' title='bbox 81 3385 95 3408; x_wconf 54' lang='lat'><strong>·</strong></span> <span class='ocrx_word' id='word_1_238' title='bbox 128 3328 193 3392; x_wconf 86' lang='lat' dir='ltr'>que</span> <span class='ocrx_word' id='word_1_239' title='bbox 220 3307 373 3373; x_wconf 77' lang='lat' dir='ltr'>acerrime</span> <span class='ocrx_word' id='word_1_240' title='bbox 405 3311 616 3391; x_wconf 88' lang='lat' dir='ltr'>senatumque</span> <span class='ocrx_word' id='word_1_241' title='bbox 642 3307 709 3372; x_wconf 88' lang='lat' dir='ltr'>iam</span> <span class='ocrx_word' id='word_1_242' title='bbox 734 3309 944 3392; x_wconf 84' lang='lat' dir='ltr'>languentem</span> <span class='ocrx_word' id='word_1_243' title='bbox 976 3308 1009 3369; x_wconf 90' lang='lat' dir='ltr'>et</span> <span class='ocrx_word' id='word_1_244' title='bbox 1035 3305 1088 3368; x_wconf 91' lang='lat' dir='ltr'>de·</span> 
     </span>
    </p>
   </div>
   <div class='ocr_carea' id='block_1_8' title="bbox 126 3513 1088 3656">
    <p class='ocr_par' dir='ltr' id='par_1_8' title="bbox 126 3513 1088 3656">
     <span class='ocr_line' id='line_1_34' title="bbox 200 3513 1088 3588; baseline -0.001 -18"><span class='ocrx_word' id='word_1_245' title='bbox 200 3516 251 3587; x_wconf 82' lang='lat' dir='ltr'>Ep.</span> <span class='ocrx_word' id='word_1_246' title='bbox 271 3522 314 3586; x_wconf 72' lang='lat'>27,</span> <span class='ocrx_word' id='word_1_247' title='bbox 331 3522 353 3571; x_wconf 91' lang='lat'>1.</span> <span class='ocrx_word' id='word_1_248' title='bbox 389 3518 513 3588; x_wconf 65' lang='lat' dir='ltr'>cannuca</span> <span class='ocrx_word' id='word_1_249' title='bbox 531 3516 627 3587; x_wconf 77' lang='lat' dir='ltr'>(Era).</span> <span class='ocrx_word' id='word_1_250' title='bbox 664 3516 785 3584; x_wconf 68' lang='lat' dir='ltr'>aeiaaqn</span> <span class='ocrx_word' id='word_1_251' title='bbox 802 3514 849 3584; x_wconf 87' lang='lat' dir='ltr'>M.,</span> <span class='ocrx_word' id='word_1_252' title='bbox 867 3513 961 3584; x_wconf 88' lang='lat' dir='ltr'>vulgo.</span> <span class='ocrx_word' id='word_1_253' title='bbox 981 3543 1015 3556; x_wconf 91' lang='lat'>·-</span> <span class='ocrx_word' id='word_1_254' title='bbox 1029 3528 1088 3569; x_wconf 83' lang='lat' dir='ltr'>ora·</span> 
     </span>
     <span class='ocr_line' id='line_1_35' title="bbox 126 3585 785 3656; baseline 0 -14"><span class='ocrx_word' id='word_1_255' title='bbox 126 3601 176 3642; x_wconf 78' lang='lat' dir='ltr'>aes</span> <span class='ocrx_word' id='word_1_256' title='bbox 193 3603 247 3643; x_wconf 79' lang='lat' dir='ltr'>csse</span> <span class='ocrx_word' id='word_1_257' title='bbox 264 3602 347 3644; x_wconf 74' lang='lat' dir='ltr'>eurem</span> <span class='ocrx_word' id='word_1_258' title='bbox 365 3585 440 3656; x_wconf 56' lang='lat' dir='ltr'>(Or.)</span> <span class='ocrx_word' id='word_1_259' title='bbox 478 3601 567 3642; x_wconf 74' lang='lat' dir='ltr'>omnm</span> <span class='ocrx_word' id='word_1_260' title='bbox 583 3602 605 3642; x_wconf 80' lang='lat' dir='ltr'>a.</span> <span class='ocrx_word' id='word_1_261' title='bbox 624 3587 671 3654; x_wconf 69' lang='lat' dir='ltr'>M„</span> <span class='ocrx_word' id='word_1_262' title='bbox 690 3586 785 3655; x_wconf 74' lang='lat' dir='ltr'>vulgo.</span> 
     </span>
    </p>
   </div>
   <div class='ocr_carea' id='block_1_9' title="bbox 0 0 1329 3988">
    <p class='ocr_par' dir='ltr' id='par_1_9' title="bbox 0 0 1329 3988">
     <span class='ocr_line' id='line_1_36' title="bbox 0 0 1329 3988; baseline 0 0"><span class='ocrx_word' id='word_1_263' title='bbox 0 0 1329 3988; x_wconf 95' lang='lat' dir='ltr'> </span> 
     </span>
    </p>
   </div>
  </div>
 </body>
</html>
