2652 3982
245 227 309 293 190
528 228 567 284 Μ.
586 227 710 284 TULLII
727 227 918 285 CICERONIS

243 393 325 457 esse,
353 371 439 458 quod
465 373 593 458 timeas,
623 376 752 458 praeter
777 373 946 439 universae
977 373 1197 460 reipublicae

242 460 410 527 interitum
440 461 500 526 libi
532 462 701 546 confirm03
732 462 770 526 ds
803 483 853 527 me
886 464 995 527 autern
1027 463 1073 528 sio
1100 463 1198 528 velim

242 549 377 635 iudices,
404 548 561 636 quantum
583 571 644 636 ego
667 550 802 636 possim,
829 573 880 616 me
902 551 976 637 tibi,
1004 551 1101 618 saluti
1122 554 1198 617 tuae

241 637 414 791 {beneque
440 639 505 791 'qus
532 660 658 704 summo
682 661 755 704 cum
782 639 888 705 studio
916 641 1045 724 praesto
1073 661 1199 724 semper

278 729 397 792 turum.
474 727 535 792 ale.
1054 719 1064 738 “

668 919 775 987 XXII.

433 1030 490 1088 Ser.
509 1031 615 1088 Itomae
626 1031 749 1089 ineunte
767 1049 840 1088 anno
859 1052 885 1089 u.
899 1051 923 1089 o
943 1039 1002 1090 ⁷08.

460 1189 465 1200 ·
562 1155 691 1212 CICERO
709 1155 873 1213 DOMITIO.

210 1270 223 1317 1
308 1253 386 1321 Non
413 1277 451 1321 ea
477 1278 529 1324 res
555 1278 607 1321 me
634 1257 893 1342 deterruitque
920 1256 1041 1342 minus,
1071 1260 1199 1343 postea-

242 1365 341 1428 quem
366 1345 403 1410 in
428 1345 557 1411 Italiam
588 1346 719 1429 venisti,
749 1347 874 1410 litteras
900 1345 942 1409 ad
968 1349 1001 1409 te
1028 1346 1200 1429 mitterem,

243 1432 330 1516 quod
351 1435 389 1498 tu
412 1433 452 1498 ad
474 1455 526 1498 me
548 1434 654 1498 nullas
677 1434 823 1519 miseras,
846 1433 902 1499 sed
924 1433 1000 1518 quia
1021 1455 1095 1519 nec,
1121 1435 1198 1518 quid

234 1519 303 1586 'tibi
325 1521 494 1605 pollicerer
514 1522 584 1607 ipse
606 1541 706 1608 egens
728 1521 824 1588 rebus
847 1522 1005 1606 omnibus,
1027 1543 1095 1616 neq
1120 1521 1198 1606 quid

244 1609 425 1694 suaderem,
456 1631 556 1694 quum
586 1609 734 1675 mihimet
768 1610 832 1694 ipsi
863 1610 1033 1676 consilium
1065 1611 1198 1694 deesset,
1322 1661 1323 1704 q

242 1719 316 1782 nee,
347 1698 425 1782 quid
456 1699 686 1764 consolationis
719 1699 866 1772 efferrem
896 1699 932 1763 in
961 1699 1063 1764 tantis
1095 1699 1199 1781 melis,
1322 1705 1323 1712 ’

243 1786 450 1870 reperiebam.
493 1783 584 1851 Haec
611 1808 806 1870 quamquam
831 1786 933 1851 nihilo
960 1787 1095 1853 meliora
1121 1792 1198 1852 sunt

243 1895 331 1940 nuno
353 1878 449 1959 atque
473 1875 570 1940 etiam
587 1876 690 1950 multo
709 1875 935 1959 desperatione,
956 1878 1067 1940 tamen
1083 1875 1198 1940 inanes
1321 1903 1323 1968 1

209 1975 313 2028 ‘resse
335 1983 424 2028 meas
446 1963 571 2029 litteras
594 1985 691 2048 quam
718 1964 824 2029 nullas
846 1963 954 2028 malui.
998 1962 1085 2049 Ege,
1115 1965 1142 2029 si
1164 1967 1199 2030 te
1321 2045 1322 2056 χ

243 2051 457 2137 intelligerem
479 2052 553 2136 plus
576 2055 727 2118 conatum
750 2073 819 2118 esse
842 2052 1002 2137 suscipere
1025 2053 1072 2116 rei
1093 2052 1197 2138 publi·
1321 2063 1322 2082 ¹

244 2161 300 2204 cae
332 2161 429 2206 causa
455 2141 610 2225 muneris,
642 2162 739 2225 quam
766 2144 923 2224 quantum
948 2145 1113 2224 praestare
1140 2162 1197 2225 po

243 2229 370 2312 tuisses,
386 2233 506 2314 tamen,
524 2229 776 2314 quibuscumque
794 2230 889 2294 rebus
907 2251 1044 2314 possem,
1066 2229 1108 2294 ad
1126 2251 1198 2294 eam

245 2316 465 2382 condicionem
482 2320 515 2382 te
533 2318 670 2400 vivendi,
693 2339 775 2400 quae
794 2317 923 2382 daretur
941 2339 1085 2402 quaeque
1104 2322 1197 2402 esset,

243 2402 404 2488 hortarer;
435 2405 504 2489 sed,
536 2427 635 2488 quum
667 2405 793 2471 consilii
822 2406 872 2470 tui
898 2406 980 2471 bene
1005 2406 1196 2491 fortiterque
1320 2461 1321 2468 ,

244 2493 384 2576 suscepti
410 2513 485 2557 eum
511 2491 572 2558 libi
597 2493 696 2558 finem
718 2494 882 2578 statueris,
914 2515 1008 2578 quem
1034 2495 1106 2580 ipsa
1130 2495 1195 2561 for-

244 2583 325 2644 tuna
354 2580 528 2646 terminum
559 2584 744 2646 nostrerum
775 2583 1019 2649 contentionum
1046 2604 1115 2648 esse
1141 2604 1196 2648 vo·

243 2668 369 2753 luisset,
395 2691 453 2736 oro
481 2669 687 2754 obtestorque
712 2674 746 2736 te
772 2693 832 2756 pro
854 2675 961 2736 vetere
986 2675 1100 2737 nostra
1122 2692 1196 2736 oon-

243 2757 408 2824 iunctione
435 2779 473 2823 ae
499 2759 734 2825 necessitudine
760 2781 883 2844 proque
910 2781 1035 2824 summa
1060 2780 1133 2824 mea
1160 2759 1196 2824 in

244 2849 276 2909 te
299 2846 525 2913 benovolentia
547 2849 581 2912 et
601 2849 660 2912 tua
681 2847 717 2912 in
738 2869 790 2914 me
808 2848 889 2932 pari,
909 2851 943 2912 te
960 2849 998 2913 ut
1015 2847 1119 2931 nobis,
1140 2869 1196 2931 pa-

143 2947 147 2952 ’
243 2935 337 3019 renti,
359 2936 490 3022 coniugi
512 2936 640 3020 tuisque
663 2936 826 3020 omnibus,
848 2936 963 3020 quibus
986 2956 1020 3000 es
1041 2935 1195 3018 fuistique
1319 2977 1320 2984 ι

244 3044 370 3108 semper
396 3024 593 3109 carissimus,
622 3025 746 3090 salviam
773 3045 955 3108 conserves,
981 3023 1195 3091 incolumitati

243 3115 318 3177 tuae
339 3116 544 3197 tuorumque,
566 3112 621 3197 qni
643 3133 683 3177 ex
703 3116 736 3176 te
758 3112 910 3196 pendent
932 3113 1091 3196 consulas,
1113 3133 1196 3196 quae

243 3200 382 3266 didicisti
404 3223 549 3285 quaeque
572 3200 614 3265 ab
636 3200 853 3266 adolescentia
869 3199 1081 3284 pulcherrime
1103 3221 1125 3266 a
1146 3221 1195 3266 ss·

242 3289 452 3372 pientissimis
474 3289 551 3356 viris
573 3288 693 3353 tradite
714 3288 870 3355 momoria
896 3292 928 3353 et
950 3288 1084 3354 scientia
1110 3310 1195 3356 com·

242 3377 450 3462 prehendisti‚
472 3378 512 3442 iis
534 3378 596 3442 hoc
618 3379 762 3461 tempore
784 3380 886 3463 utare,
907 3398 988 3461 quos
1006 3378 1195 3443 coniunctos

243 3487 369 3531 summo
403 3465 629 3532 benevolentia
659 3465 868 3551 plurimisque
905 3464 1019 3530 officiis
1051 3466 1195 3549 amisisti,

243 3573 354 3618 eorum
385 3553 591 3640 desiderium,
622 3554 650 3618 si
676 3575 745 3620 non
771 3575 873 3639 aequo
901 3553 1022 3638 animo,
1053 3556 1088 3618 at
1117 3554 1194 3619 forti
