2578 3982
226 233 291 296 626
507 233 545 288 Μ.
565 232 687 288 TULLII
705 231 898 294 CICERONIS

225 377 406 461 Pomponia
439 377 519 443 feris
552 381 710 443 coenaret
764 377 863 443 Dedit
893 377 975 442 mihi
1015 378 1209 462 epistolam
1261 431 1262 434 ,

225 465 396 551 legendam
418 469 521 550 tuam,
548 488 645 550 quam
666 467 776 550 paullo
804 469 881 530 ante
903 469 1094 551 acceperat,
1126 466 1209 531 Ari-

226 554 407 638 stophaneo
428 554 530 632 mode,
547 555 640 619 valde
658 555 839 619 mehercule
859 557 891 619 et
909 575 1046 620 suavem
1068 558 1105 618 et
1127 575 1209 639 gra-
1261 601 1262 606 η

226 664 312 725 vem3
339 665 403 727 qua
430 665 501 707 sum
528 643 700 708 admodum
730 643 915 708 delectatus.
964 642 1070 707 Dedit
1096 644 1209 708 etiam
1261 649 1262 674 l

227 732 362 796 alteram
387 731 477 796 illam
504 731 597 815 mihi,
624 753 687 815 qua
714 731 805 796 iubes
832 751 906 796 eum
932 730 1014 794 mihi
1043 752 1124 796 esse
1158 733 1208 795 af·
1261 717 1262 750 ¹

112 873 114 876 .
226 821 325 884 fixum
356 823 523 904 tamquam
554 821 719 904 magistro.
774 818 878 895 Quam
904 820 996 884 illum
1029 821 1205 903 epistolae

227 909 300 973 illae
328 909 542 992 delectarunt,
574 930 671 992 quam
697 909 762 973 me!
794 908 877 972 nihil
903 929 1004 992 puero
1031 909 1097 973 illo
1124 931 1203 972 sua·

227 997 312 1081 vius,
344 997 426 1061 nihil
458 997 561 1061 nostri
593 997 763 1061 amantius.
811 995 902 1060 Haec
932 997 1019 1060 inter
1052 1017 1203 1062 coenam

188 1099 214 1140 ²0
228 1084 342 1150 Tironi
364 1084 496 1168 dictavi,
523 1106 564 1150 ue
587 1085 700 1149 mirere
724 1085 788 1150 alia
809 1106 908 1148 manu
938 1106 1016 1148 esse.
1065 1084 1201 1149 Annali

227 1177 398 1259 pergratae
419 1175 545 1240 litterae
568 1176 643 1236 tuae
665 1173 806 1257 fuerunt,
829 1173 915 1256 quod
938 1176 971 1237 et
992 1193 1132 1238 curares
1159 1174 1200 1238 de

228 1284 261 1328 se
285 1263 456 1348 diligenter
479 1266 511 1326 et
528 1265 638 1326 tamen
656 1258 790 1327 censilio
810 1283 844 1326 se
861 1261 1027 1326 verissimo
1048 1263 1198 1326 iurares.

227 1350 262 1415 P.
286 1349 439 1416 Servilius
465 1355 558 1434 peter
585 1372 624 1414 ex
650 1351 779 1433 litteris,
807 1371 887 1434 quas
914 1349 975 1415 sibi
1002 1372 1023 1413 a
1047 1347 1197 1415 Caesare

227 1439 342 1502 missas
365 1461 434 1503 esse
458 1439 593 1523 dicebat,
616 1439 777 1524 significat
798 1439 892 1502 valde
913 1441 946 1502 te
969 1438 1031 1502 sibi
1054 1443 1195 1524 gratum

227 1527 355 1610 fecisse,
382 1526 467 1610 quod
491 1527 529 1590 de
553 1549 610 1590 sua
638 1527 804 1591 voluntate
833 1547 910 1612 erga
933 1523 1111 1592 Caesarem
1134 1527 1194 1591 hu·

188 1637 213 1676 21
228 1613 413 1678 manissime
441 1614 757 1699 diligentissimeque
777 1616 904 1679 locutus
932 1636 1028 1678 esses.
1081 1613 1194 1692 Quum

227 1702 366 1768 Romam
393 1725 432 1768 ex
458 1701 609 1787 Arpinati
636 1703 851 1787 revertissem,
878 1703 998 1767 dictum
1026 1703 1115 1767 mihi
1144 1709 1193 1768 est

227 1790 469 1876 Hippodamum
497 1792 538 1856 ad
566 1795 599 1855 te
622 1791 802 1876 profectum
829 1813 907 1856 esse.
951 1789 1028 1856 Non
1051 1814 1193 1876 possum

228 1880 367 1945 seribere
394 1903 445 1945 me
472 1881 624 1945 miratum
656 1901 724 1944 esse
751 1880 842 1943 illum
869 1884 937 1944 tam
963 1879 1194 1945 inhumaniter

227 1969 355 2053 fecisse,
382 1973 419 2033 ut
446 1969 514 2032 sine
542 1969 621 2031 meis
648 1969 764 2032 litteris
791 1969 832 2032 ad
861 1971 894 2032 te
915 1967 1193 2051 proficisceretur:

228 2057 308 2122 illud
335 2057 454 2141 scribo,
480 2057 560 2121 mihi
587 2057 758 2120 molestum
787 2056 899 2142 fuisse,
926 2057 991 2133 iam
1018 2057 1112 2121 enim
1137 2059 1192 2121 diu

228 2146 446 2230 cogitaveram
473 2167 512 2209 ex
535 2167 586 2228 eo,
614 2145 699 2228 quod
727 2149 763 2209 tu
791 2145 832 2208 ad
855 2167 906 2209 me
929 2145 1123 2230 scripseras,
1146 2151 1193 2229 ut,

228 2234 256 2298 si
279 2234 356 2317 quid
379 2237 475 2318 esset,
503 2233 588 2317 quod
616 2233 656 2297 ad
682 2237 715 2297 te
743 2232 930 2318 diligentius
956 2233 1096 2318 perferri
1126 2236 1191 2299 vel-

227 2323 300 2406 lem,
321 2323 369 2386 illi
392 2323 510 2406 darem,
533 2321 619 2406 quod
642 2322 821 2386 mehercule
843 2321 932 2386 hisce
954 2321 1082 2407 litteris,
1108 2345 1192 2407 quas

227 2411 325 2495 vulgo
354 2411 395 2474 ad
426 2413 459 2474 te
486 2410 594 2494 mitto,
625 2410 708 2474 nihil
733 2409 800 2474 lere
828 2410 947 2494 scribo,
978 2411 1066 2494 quod
1096 2413 1128 2474 si
1157 2412 1191 2475 in

228 2498 362 2562 alieuius
385 2519 499 2561 manus
517 2498 673 2581 inciderit,
695 2499 829 2562 moleste
848 2497 1017 2563 ferendum
1036 2500 1088 2563 sit
1130 2499 1191 2564 Mi-

227 2585 324 2650 nucio
347 2607 398 2649 me
422 2588 454 2649 et
477 2582 585 2650 Salvio
608 2589 641 2650 et
664 2584 808 2651 Labeoni
834 2586 1051 2652 reservabam:
1075 2586 1189 2654 Labeo

188 2698 214 2740 aa
228 2678 285 2739 aut
307 2674 398 2740 tarde
421 2673 640 2758 proficiscetur
662 2677 719 2739 aut
740 2675 794 2739 hie
820 2674 973 2739 manebit.
1017 2675 1191 2760 Hippoda-

228 2785 299 2830 mus
321 2786 363 2829 ne
386 2762 542 2847 numquid
564 2762 679 2827 vellem
702 2763 830 2847 quidem
852 2764 988 2849 rogarit.
1029 2763 1066 2828 Τ.
1090 2763 1189 2830 Pina-

227 2853 294 2916 rius
317 2853 471 2916 amabiles
499 2851 539 2916 ed
567 2873 617 2915 me
646 2851 684 2915 de
710 2855 743 2914 te
766 2853 889 2915 litteras
917 2851 1029 2915 mittit:
1060 2873 1096 2916 se
1122 2875 1189 2919 ma-

227 2939 311 3003 xime
338 2939 468 3022 litteris,
496 2938 709 3023 sermonibus,
737 2941 845 3004 coenis
873 2940 1010 3023 denique
1036 2941 1105 3005 tuis
1137 2943 1188 3007 de

227 3027 348 3092 lectari.
397 3025 430 3092 Is
458 3027 556 3092 homo
585 3049 709 3113 semper
740 3050 791 3092 me
819 3027 990 3092 delectavit
1019 3027 1188 3116 fraterque

228 3115 296 3180 eius
318 3136 443 3178 mecum
462 3117 511 3178 est
529 3114 678 3179 multum:
701 3137 808 3200 quare,
831 3117 880 3180 uti
897 3116 1077 3201 instituisti,
1102 3139 1188 3184 com-

226 3204 365 3288 plectere
388 3203 631 3268 adolescentem.

193 3277 207 3324 ⁷
294 3290 386 3367 Quod
409 3293 528 3358 multos
553 3291 619 3355 dies
647 3291 817 3376 epistolam
843 3292 879 3356 in
906 3293 1056 3358 manibus
1085 3293 1189 3362 habui

187 3343 214 3384 28

297 3501 449 3571 Ep.1‚1a.
481 3502 552 3569 soria
570 3500 757 3569 (Minatiana).
796 3501 874 3569 sorae
891 3501 989 3570 Mat,
1008 3501 1104 3574 vulgo.
1144 3511 1187 3562 21.

226 3572 298 3640 quod
316 3573 341 3626 ei
358 3573 391 3626 ia
405 3572 519 3643 (vulgo).
556 3587 590 3640 a,
608 3572 634 3625 ei
650 3572 682 3624 ia
700 3570 731 3624 B.
