2578 3982
85 199 140 254 DE
155 197 355 256 ΡΕΤΙΤΙΟΝΕ
370 197 521 254 CONSUL.
536 199 585 254 AD
599 197 636 253 Μ.
650 197 826 254 FRATREM
842 205 954 254 10-18.
983 197 1048 262 649

78 347 181 429 sunt,
202 343 290 410 nolle
313 343 426 409 abste
449 365 483 408 se
504 343 628 410 honore
651 344 804 428 superari.
843 343 971 409 iamin
992 367 1048 428 po-
1061 359 1090 403 rs

84 433 172 517 pulo
196 453 294 516 quam
315 432 409 496 multi
431 431 532 497 invidi
552 432 627 516 siut,
649 453 747 516 quam
763 433 858 498 multi
880 437 1049 498 consuetu·

87 521 170 584 dine
192 519 309 586 horum
332 541 491 585 annorum
518 520 560 585 ab
581 520 767 586 hominibus
793 520 887 586 novis
909 520 1050 605 alienati,

87 608 206 672 venire
227 607 289 672 tibi
309 607 346 672 in
367 611 509 675 mentem
531 611 618 673 certo
641 609 721 692 scio;
748 629 817 674 esse
845 609 943 673 etiam
967 629 1049 674 non·

88 696 203 762 nullos
224 695 285 760 tibi
307 695 409 762 iratos
431 696 531 762 exiis
554 697 668 779 causis,
691 717 770 780 quas
793 695 898 781 egisti,
919 717 1049 762 necesse

24 839 25 842 ,
88 787 153 850 est.
206 781 277 850 Iam
307 783 387 848 illud
418 787 489 849 tute
520 783 769 868 circumspicite,
800 784 886 867 quod
918 783 959 848 ad
991 781 1049 848 On.

24 945 25 950 ἵ
88 870 240 957 Pompeii
266 870 404 957 gloriam
431 871 612 956 aagendam
642 875 735 936 tanto
767 871 875 936 studio
903 875 936 936 te
964 871 1050 936 dedi·

24 1003 25 1010 κ
90 960 186 1044 disti,
215 980 296 1025 uum
327 980 409 1043 quos
438 960 500 1024 tibi
526 963 621 1044 putes
650 960 693 1025 ob
720 980 790 1024 eam
819 980 948 1024 causam
980 980 1049 1024 esse

90 1048 225 1114 amicos.
270 1046 495 1130 Quamobrem,
518 1069 618 1131 quum
640 1050 674 1111 st
694 1069 856 1112 summum
878 1047 985 1112 locum
1008 1047 1090 1112 ci-15

24 1215 25 1218 Ἴ
90 1135 204 1200 vitatis
226 1139 319 1220 petas
342 1136 506 1200 strideas
529 1156 598 1200 esse
621 1134 736 1218 studia
759 1156 840 1219 quae
857 1135 918 1199 tibi
941 1135 1050 1199 adver·

91 1227 219 1307 eentur,
250 1223 403 1288 adhibeas
433 1243 564 1288 necesse
591 1226 642 1288 est
672 1243 801 1288 omnem
831 1222 991 1288 rationem
1018 1225 1052 1286 et

91 1333 206 1377 curam
228 1315 261 1376 et
282 1311 427 1378 laborem
450 1315 483 1375 et
504 1311 714 1396 diligentiam.

160 1399 206 1464 Et
231 1400 346 1483 petitio
373 1399 621 1485 magistratuum
648 1399 750 1464 divisa
777 1398 887 1464 estin
914 1387 1091 1496 duarum}8

90 1487 258 1554 rationum
281 1488 495 1573 diligentiam,
522 1508 658 1571 quarum
684 1489 786 1552 altera
812 1488 848 1552 in
875 1488 1050 1552 amicorum

24 1629 25 1632 ,
92 1576 224 1660 studiis,
250 1575 352 1640 altera
379 1575 415 1640 in
441 1575 590 1660 populari
616 1576 783 1640 voluntate
810 1575 962 1660 ponenda
992 1577 1050 1640 est.

24 1661 25 1742 ζ
91 1664 282 1728 Amicorum
305 1662 412 1728 studia
436 1663 601 1728 beneficiis
628 1666 661 1727 et
687 1663 802 1728 officiis
830 1667 863 1727 et
889 1665 1050 1728 vetustate

92 1753 128 1814 et
145 1750 301 1815 facilitate
320 1771 358 1814 ac
375 1749 575 1814 iucunditate
592 1753 729 1814 naturae
747 1752 842 1834 parta
864 1771 933 1814 ease
957 1771 1050 1833 opor-

24 1833 25 1920 ]
92 1841 156 1921 tet3
188 1837 244 1902 sed
270 1836 333 1915 hoc
359 1857 480 1902 nomen
506 1837 682 1904 amicorum
708 1837 743 1901 in
769 1837 925 1921 petitione
952 1837 1051 1902 latius

92 1929 187 2011 patet
208 1947 305 2010 quam
331 1925 367 1989 in
390 1928 497 1990 cetera
522 1925 603 2008 vita,
630 1924 774 2009 quisquis
797 1928 846 1990 est
869 1925 968 2009 enim,
995 1925 1051 2008 qui

94 2013 246 2080 ostendat
268 2012 389 2097 aliquid
411 2014 501 2078 inte
523 2013 710 2095 voluntatis,
732 2013 787 2096 qui
805 2013 900 2097 colat,
922 2013 978 2096 qui
996 2013 1050 2078 dc-

94 2123 184 2167 mum
206 2102 356 2185 ventitat,
381 2101 410 2165 is
432 2101 468 2165 in
490 2100 666 2166 amicorum
692 2121 827 2166 numero
855 2105 905 2165 est
930 2101 1051 2166 haben·

95 2189 169 2272 dus3
196 2189 252 2254 sed
273 2192 399 2273 tamen,
425 2189 481 2272 qui
508 2192 585 2253 sunt
611 2189 706 2254 amici
732 2209 773 2253 ex
799 2208 896 2253 causa
918 2188 1050 2254 iustiore

96 2277 300 2364 cognationis
327 2280 386 2342 aut
416 2275 584 2342 affinitatis
616 2279 673 2341 aut
699 2275 879 2341 sodalitatis
911 2279 969 2340 aut
995 2277 1050 2340 ali-

96 2366 186 2431 cuius
216 2364 477 2448 necessitudinis,
507 2364 547 2429 iis
577 2384 687 2430 carum
719 2366 752 2428 et
778 2363 953 2428 iucundum
983 2384 1051 2428 esse

95 2454 233 2520 maxime
259 2453 400 2539 prodest.
448 2452 586 2537 Deinde,
613 2453 811 2536 utquisque
841 2455 892 2516 est
917 2451 1051 2517 intimus
1065 2469 1090 2512 u

97 2561 135 2605 ac
161 2543 299 2606 maxime
326 2540 534 2624 domesticus,
565 2543 603 2606 ut
629 2541 657 2606 is
684 2543 771 2605 amet
797 2542 832 2604 et
861 2562 958 2624 quam
985 2561 1050 2604 am-

119 2628 276 2694 lissimum
302 2648 372 2692 esse
402 2631 435 2692 te
462 2630 585 2712 cupiat,
614 2628 708 2694 valde
735 2627 967 2692 elaborandum
994 2631 1052 2712 est,

96 2650 191 2802 ftuml
214 2720 253 2782 ut
274 2715 419 2800 tribules,
439 2717 478 2779 ut
499 2715 610 2800 vicini,
631 2719 670 2779 ut
692 2715 834 2798 clientes,
855 2717 893 2779 ut
915 2715 1051 2798 denique

96 2804 216 2888 liberti,
245 2806 409 2887 postremo
433 2802 531 2866 ctiam
553 2802 637 2866 servi
657 2802 720 2884 tui3
747 2823 825 2866 nam
850 2802 918 2867 iere
946 2802 1051 2867 omnis

99 2913 200 2958 sermo
232 2891 274 2956 ad
298 2891 469 2956 -forensem
502 2889 625 2954 famam
656 2910 677 2954 a
707 2889 890 2954 domesticis
922 2893 1052 2955 emanat

99 2979 290 3046 auctoribus.
334 2978 482 3060 Denique
505 2980 582 3042 suut·
603 2975 794 3042 instituendi
821 2977 974 3061 cuiusque
998 2997 1051 3062 ge·
1065 2975 1092 3038 u

98 3069 181 3133 neris
209 3068 316 3132 amici:
348 3065 390 3132 ad
418 3065 557 3150 speciem
583 3064 731 3132 homines
760 3065 901 3130 illustres
928 3065 1051 3130 honore

165 3247 191 3308 4,
207 3246 248 3296 14.
276 3240 406 3296 uocate·
424 3239 496 3307 (cdd.
511 3239 652 3308 Palermi).
679 3239 790 3295 edidisti
803 3238 861 3293 llrf.
876 3239 975 3294 dedisti
988 3237 1051 3294 edd.

98 3312 172 3380 vett,
190 3311 221 3365 B.
265 3316 306 3365 15.
334 3327 404 3381 quoe
421 3311 474 3365 tibi
491 3311 595 3366 odacro.
618 3310 734 3380 (vulgo),
766 3326 794 3434 ἕ.
814 3327 840 3364 a.
863 3307 934 3376 urs,
953 3309 983 3362 B.
1026 3313 1051 3376 5,

100 3387 139 3436 16.
165 3381 377 3451 magistratuum
399 3381 516 3450 (vulgo).
561 3380 741 3450 magistratum
792 3379 839 3446 ri,
857 3379 888 3433 Β.
936 3385 977 3433 17.
1005 3383 1051 3442 cst,

100 3451 176 3523 [tum]
194 3457 227 3506 ut
244 3451 319 3522 (W0).
362 3467 385 3507 a
403 3455 436 3506 ut
453 3451 514 3505 cdd.
533 3449 669 3521 Palermi,
704 3453 747 3518 Τ.,
787 3451 829 3505 ed.
853 3449 959 3504 Bonon.
1004 3453 1051 3515 est,

98 3526 154 3576 tom
168 3527 200 3576 ut
220 3525 288 3589 Ert,
307 3526 396 3594 vulgo
