2644 3988
389 249 648 308 nrlsroe'aaen
670 252 704 308 X.
724 258 837 306 21-23.
1027 251 1094 316 323

133 395 251 460 litteris
265 396 381 462 vestris
396 400 454 480 est,
468 396 600 463 mirifice
614 400 647 461 et
662 401 793 462 senatus
807 400 841 461 et
855 400 971 462 cuncta
982 397 1094 462 civitas

134 482 296 550 delectata
318 486 375 550 est.
412 483 505 561 Quod
524 485 565 549 ad
583 507 634 550 me
653 486 826 570 scripseras
845 485 884 550 de
903 507 937 550 re
958 485 1094 570 agraria,
1113 498 1129 550 a

134 573 164 636 si
187 574 354 638 consultus
382 576 513 639 senatus
536 577 633 659 esset,
660 577 698 638 ut
725 575 859 658 quisque
881 572 1094 639 honorificen-

133 660 294 727 tissimam
325 661 365 726 de
396 665 429 726 te
459 663 654 728 sententiam
685 663 830 747 dixisset,
847 703 850 710 «
865 684 937 727 eam
967 666 1095 728 secutus

135 752 235 833 esset3
262 750 317 834 qui
346 753 431 814 certe
459 771 520 836 ego
542 751 690 836 fuissem,
713 751 782 836 sed,
808 755 941 836 propter
962 751 1094 815 tardita-

133 841 204 902 tem
226 838 460 904 sententiarum
483 861 669 924 moramque
692 861 799 906 rerum
822 862 921 924 quum
944 861 990 924 ea,
1013 861 1095 924 quae

135 927 399 1011 consulebantur,
422 928 463 992 ad
486 928 607 994 exitum
628 950 697 994 non
719 929 934 1012 pervenirent,
956 949 1095 994 eommo-

135 1014 305 1080 dissimum
331 1015 412 1080 mihi
438 1016 623 1101 Plancoque
650 1017 746 1081 fratri
772 1017 877 1082 risum
905 1018 954 1082 est
981 1017 1029 1081 uti
1057 1037 1095 1082 eo

135 1107 269 1168 senatus
293 1105 452 1187 consulto,
474 1105 560 1188 quod
583 1126 624 1170 ne
648 1107 761 1170 nostro
786 1105 945 1170 arbitratu
968 1125 1095 1188 compo·

134 1196 287 1276 rueretur,
313 1193 384 1276 quis
416 1193 515 1257 fuerit
545 1193 790 1278 impedimento,
822 1193 962 1258 arbitror
993 1196 1025 1258 te
1057 1214 1096 1257 ex

134 1279 249 1345 Planci
267 1280 383 1346 litteris
402 1281 602 1367 cognovisse.
638 1279 711 1366 Sed,
733 1282 799 1348 sive
817 1283 853 1346 in
871 1284 1002 1346 senatus
1021 1301 1095 1346 con·
1115 1295 1130 1342 3

135 1369 223 1434 sulto
248 1369 314 1434 sive
336 1369 373 1434 in
390 1371 504 1435 ceteris
522 1369 618 1435 rebus
638 1371 799 1435 desideras
819 1369 949 1455 aliquid,
972 1369 1017 1434 sic
1035 1370 1096 1435 tibi

135 1458 311 1543 persuade,
333 1461 459 1524 tantam
482 1480 551 1524 esse
575 1459 661 1544 apud
685 1479 796 1526 omnes
819 1460 923 1525 bonos
945 1459 994 1522 tui
1017 1458 1096 1522 cari-

135 1549 252 1631 tatem,
279 1550 317 1612 ut
338 1547 465 1612 nullum
487 1567 590 1633 genus
613 1548 829 1632 amplissimae
853 1547 1021 1634 dignitatis
1045 1568 1096 1611 ex-

136 1634 275 1720 cogitari
297 1635 410 1720 possit,
433 1636 518 1720 quod
536 1635 597 1701 tibi
615 1658 683 1701 non
700 1639 850 1721 paratum
870 1638 921 1702 sit.
956 1634 1096 1700 Litteras

134 1727 212 1788 tuas
234 1723 441 1789 vehementer
467 1727 632 1809 exspecto,
661 1725 844 1810 etquidem
867 1726 963 1808 tales,
985 1725 1095 1808 quales

135 1812 276 1877 maxime
299 1815 387 1897 opto.
432 1811 524 1879 Vale.

555 2023 674 2092 XXIII.

184 2134 242 2190 Ser.
265 2133 402 2191 Cularone
424 2135 455 2190 in
477 2134 580 2192 finibus
603 2136 788 2260 Alqurlogum
810 2133 884 2188 VIII.
908 2133 974 2188 Idus
992 2135 1051 2188 lua

522 2223 546 2261 a.
565 2224 592 2260 u.
612 2224 635 2262 c.
710 2247 716 2260 .

435 2329 600 2385 PLANCUS
620 2328 799 2386 CICERONI.

207 2427 392 2514 Numquam
410 2429 617 2515 mehercules,
638 2431 684 2496 mi
702 2428 823 2514 Cicero,
845 2449 896 2494 me
918 2429 1098 2514 poenitebit
1117 2445 1130 2491 1

136 2519 280 2584 maxima
310 2519 453 2603 pericula
483 2540 543 2602 pro
566 2520 672 2604 patria
702 2519 821 2604 subire,
848 2518 938 2602 dum,
970 2519 1096 2602 siquid

137 2607 293 2673 acciderit
318 2606 412 2690 mihi,
444 2628 464 2671 a
490 2607 739 2692 reprehensione
765 2608 957 2672 temeritatis
985 2606 1096 2672 absim.

137 2694 318 2762 confiterer
339 2694 557 2780 imprudentia
578 2717 630 2762 me
653 2698 789 2782 lapsum,
812 2695 840 2760 si
861 2717 1015 2779 umquam
1037 2694 1097 2760 Le-

136 2783 216 2871 pido
244 2805 283 2850 ex
310 2784 418 2850 animo
446 2784 665 2869 credidissem3
693 2784 865 2850 credulitas
895 2784 981 2848 enim
1009 2805 1097 2850 error

137 2877 191 2939 est
213 2872 317 2958 magis
340 2895 437 2958 quam
460 2873 568 2958 culpa,
591 2873 776 2958 etquidem
797 2872 833 2936 in
856 2872 970 2956 optimi
993 2873 1097 2937 cuius-

137 2983 202 3046 que
221 2964 362 3027 mentem
379 2961 531 3027 facillime
549 2962 675 3045 irrepit,
697 2961 753 3026 sed
772 2980 832 3046 ego
850 2982 920 3027 non
935 2960 998 3027 hoc
1017 2961 1096 3026 vitio

136 3071 242 3136 paene
261 3072 333 3115 sum
352 3051 517 3135 deceptus,
539 3049 697 3134 Lepidum
715 3049 801 3114 enim
819 3049 954 3133 pulchre.
973 3070 1096 3114 noram.

138 3137 225 3215 Quid
248 3159 326 3224 ergo
349 3139 420 3204 est?
442 3139 547 3224 pudor
569 3160 629 3223 me,
652 3139 707 3223 qui
729 3139 765 3203 in
782 3138 867 3204 bello
887 3137 1024 3202 maxime
1048 3140 1097 3201 est

136 3228 353 3314 periculosus,
382 3227 470 3293 hunc
498 3249 607 3292 casum
634 3227 741 3313 coegit
763 3227 883 3307 subire3
915 3247 1005 3308 nam,
1033 3225 1097 3289 uisi

138 3339 206 3383 uno
237 3321 310 3383 loco
347 3337 464 3402 essem,
499 3317 648 3399 verebar,
682 3337 724 3380 ne
757 3315 808 3380 cui
844 3314 1097 3378 obtrectatorum

211 3525 263 3598 Ep.
283 3532 326 3596 22,
340 3533 365 3582 2.
393 3528 437 3584 oti
454 3543 490 3584 ee·
501 3531 611 3582 secatus
624 3526 755 3594 consulto,
773 3525 846 3595 quod
865 3524 967 3592 (Man.).
1004 3523 1048 3578 cti
1059 3537 1097 3589 eo,

135 3617 163 3670 q.
183 3598 219 3652 M.
257 3615 284 3652 rc.
303 3613 324 3652 s.
343 3614 374 3665 a,
393 3615 416 3668 q.
437 3597 541 3666 Or.,*B.

830 3687 884 3738 21*
