2644 3988
223 263 288 329 374
505 263 541 317 Μ.
562 261 688 318 TULLII
706 259 896 318 CICERONIS

221 409 397 475 terroribus
421 408 462 472 ab
486 407 593 473 officio
618 411 675 472 aut
701 407 743 471 ab
766 407 968 472 humanitate
991 407 1183 492 desciscam3

222 518 399 582 numquam
417 496 504 562 enim
521 496 692 561 honestam
709 499 847 561 mortem
864 495 1062 582 fugiendam,
1085 517 1182 581 saepe

223 587 321 652 etiam
343 583 559 671 oppetendam
584 585 705 669 putavi.
751 583 814 651 Sed
841 584 917 669 quid
943 584 1024 650 mihi
1052 605 1182 650 suscen-

224 679 304 760 sent,
328 675 355 740 si
377 675 410 740 id
433 677 525 758 opto,
546 675 585 737 ut
606 673 772 759 poeniteat
794 694 849 739 eos
877 672 927 738 eui
953 671 1055 737 facti?
1085 675 1181 758 cupio

222 765 310 829 enim
333 761 479 828 Caesaris
502 765 639 827 mortem
661 761 811 827 omnibus
834 783 904 827 esse
927 762 1085 827 acerbam.
1117 762 1182 846 „At

223 851 323 917 debeo
346 873 406 935 pro
430 851 515 916 civili
537 854 629 936 parte
650 872 719 915 rem
741 851 904 936 publicam
925 850 1007 915 velle
1030 849 1182 916 salvam.“

222 940 261 1004 Id
285 939 413 1025 quidem
435 962 486 1004 me
510 961 634 1025 cupere,
656 939 720 1004 nisi
742 942 775 1003 et
798 942 873 1004 ante
896 942 970 1004 acta
992 939 1059 1004 vita
1083 943 1116 1004 et
1133 961 1180 1004 re·

223 1029 311 1114 lique
333 1049 405 1094 mea
428 1050 501 1115 spes
523 1031 651 1093 tacente
673 1049 725 1094 me
746 1028 872 1112 probat,
896 1027 1031 1093 dicendo
1052 1029 1180 1092 vincere

187 1131 291 1184 enon
316 1119 455 1202 postulo.
500 1116 605 1194 Quare
632 1117 786 1181 maiorem
813 1117 848 1181 in
875 1115 1007 1181 modum
1033 1120 1067 1181 ta
1089 1137 1181 1202 rogo,

222 1210 350 1272 utrem
372 1208 531 1292 potiorem
555 1205 701 1271 oratione
724 1206 822 1270 ducas
845 1204 1000 1289 mihique,
1028 1205 1056 1269 ei
1079 1204 1180 1270 sentis

223 1295 370 1379 expedire
402 1298 488 1360 recte
519 1295 602 1378 fieri,
629 1294 740 1359 credas
767 1294 891 1359 nullam
920 1293 1181 1359 communionem

222 1405 296 1447 cum
326 1383 483 1468 improbis
515 1405 585 1447 esse
615 1403 720 1468 posse.
773 1380 842 1468 An,
874 1382 960 1466 quod
992 1382 1180 1448 adolescens

222 1472 383 1555 praestiti,
411 1493 510 1556 quum
532 1471 630 1536 etiam
652 1493 758 1536 errare
782 1491 855 1536 cum
878 1471 1084 1537 excusatione
1106 1493 1180 1556 pos-

224 1581 300 1645 sem,
322 1559 355 1624 id
377 1581 464 1624 nuno
487 1562 593 1624 aetate
615 1560 828 1644 praecipitata
849 1563 1045 1625 commutem
1067 1581 1106 1624 ac
1129 1581 1180 1624 me
1252 1612 1255 1616 .

222 1648 292 1732 ipse
313 1648 477 1714 retexam?
519 1646 596 1714 Non
617 1648 737 1714 faciam
758 1669 872 1733 neque,
894 1648 980 1732 quod
1003 1648 1180 1733 displiceat,

223 1737 436 1821 committam,
462 1739 687 1822 praeterquam
714 1738 800 1821 quod
827 1737 969 1802 hominis
996 1737 1077 1801 mihi
1104 1758 1179 1802 con-

222 1824 415 1890 iunctissimi
438 1846 475 1890 ao
497 1826 558 1892 riri
576 1826 766 1910 amplissimi
789 1825 882 1890 doleo
906 1846 1037 1911 gravem
1060 1845 1180 1890 casum.

223 1912 316 1990 Quod
339 1915 367 1979 si
389 1915 483 1980 aliter
505 1936 607 1979 essem
626 1915 796 1997 animatus,
818 1935 1005 1998 numquam,
1028 1914 1114 1999 quod
1132 1914 1180 1978 fa-

223 2023 336 2088 cerem,
358 2024 521 2089 negarem,
543 2024 584 2068 ne
608 2003 698 2067 etrn
719 2003 882 2087 peccando
895 2002 1072 2155 improbus
1090 2003 1181 2067 etin
1309 2029 1310 2040 1

188 2091 455 2158 odissimulando
486 2092 618 2157 timidus
650 2113 688 2156 ac
719 2113 822 2156 vanus
854 2091 936 2156 exist
936 2091 1061 2156 imerer.
1115 2091 1182 2176 „At

222 2181 330 2265 ludos,
365 2202 467 2302 quosu
479 2178 625 2246 Caesaris
656 2179 809 2244 victoriae
842 2177 961 2247 Caesar
991 2141 1180 2246 adolescens

221 2269 308 2354 fecit,
330 2269 457 2335 curavi!
458 2268 548 2333 ‘At
568 2269 602 2333 id
625 2267 666 2332 ad
688 2268 780 2351 priva
780 2271 850 2332 tum
873 2268 1024 2353 officium,
1046 2289 1114 2334 non
1137 2271 1180 2334 ad

223 2361 344 2423 statum
365 2359 413 2422 rei
435 2357 582 2443 publicae
602 2357 755 2441 pertinet;
778 2357 863 2440 quod
881 2360 991 2421 tamen
1009 2379 1128 2422 munus
1146 2364 1181 2423 et

222 2446 363 2510 hominis
382 2446 567 2510 amicissimi
585 2445 757 2511 memoriae
776 2448 873 2528 atque
890 2446 1068 2511 honoribus
1086 2467 1180 2531 prae·

223 2537 309 2598 stare
327 2534 425 2598 etiam
442 2535 562 2598 mortui
580 2533 676 2598 debui
694 2537 727 2597 et
745 2533 885 2617 optimae
899 2534 968 2618 spei
982 2534 1181 2601 adolescenti

223 2643 261 2686 ac
292 2621 481 2707 dignissimo
514 2619 650 2688 Caesare
681 2622 806 2706 petenti
836 2642 955 2707 negare
982 2643 1051 2688 non
1076 2626 1181 2708 potui.
1306 2663 1307 2714 l

189 2709 309 2774 ⁷*Veni
340 2710 438 2775 etiam
469 2711 611 2776 consulis
633 2709 771 2774 Antonii
801 2710 934 2776 domum
965 2733 1064 2796 saepe
1093 2714 1179 2778 salu·

222 2798 315 2863 tandi
332 2819 441 2883 causa3
465 2799 505 2863 ad
524 2821 629 2884 quem,
651 2799 706 2883 qui
724 2819 775 2863 me
793 2819 908 2883 parum
926 2801 1050 2884 patriae
1068 2822 1179 2867 aman-

222 2890 289 2952 tem
321 2907 389 2951 esse
421 2888 619 2971 existimant,
650 2887 789 2971 rogandi
816 2886 945 2971 quidem
972 2889 1094 2973 aliquid
1121 2895 1181 2956 aut

223 2975 390 3040 auferendi
413 2996 511 3040 causa
532 2976 717 3060 frequentes
739 2976 899 3041 ventitare
920 2978 1069 3061 reperies.
1115 2977 1180 3045 Sed

223 3085 305 3148 quae
332 3063 413 3128 haec
439 3067 489 3128 est
516 3065 715 3148 arrogantia,
742 3064 828 3148 quod
856 3063 975 3130 Cacsar
999 3087 1180 3151 numquam

221 3152 449 3237 interpellavit,
472 3152 559 3236 quin,
582 3152 697 3235 quibus
720 3153 835 3217 vellem
858 3155 955 3238 atque
976 3155 1074 3219 etiam
1097 3178 1179 3239 quos

222 3242 291 3325 ipse
313 3262 382 3307 non
405 3239 573 3325 diligebat,
599 3241 753 3306 tamen'’
731 3262 771 3305 ιιι
793 3244 910 3326 uterer,
932 3263 997 3327 eos,
1020 3243 1075 3328 qni
1097 3244 1180 3309 mihi

223 3330 361 3394 amicum
392 3331 592 3413 eripuerunt,
624 3329 785 3412 carpendo
816 3351 868 3394 me
900 3329 1027 3396 afficere
1058 3334 1180 3417 conam,

188 3437 274 3498 ane,
297 3438 377 3500 quos
400 3418 505 3500 velim,
528 3415 682 3500 diligam?
727 3415 789 3482 Sed
816 3440 884 3482 non
905 3440 1031 3503 vereor,
1056 3441 1099 3484 ne
1122 3427 1180 3486 aut

223 3523 313 3566 meae
339 3504 424 3568 vitae
451 3503 609 3570 modestia
638 3525 752 3587 parum
779 3505 988 3572 valiturat
946 3508 988 3572 sit
1014 3509 1049 3572 in
1071 3513 1178 3593 poete-

222 3610 295 3651 rum
318 3593 394 3654 cont
395 3613 431 3652 ra
453 3590 552 3656 falsos
571 3612 725 3676 rumores,
748 3597 805 3658 aut
822 3615 868 3659 ne
882 3595 1019 3660 etiam
997 3619 1030 3681 ιι,
1053 3597 1109 3682 qui
1127 3620 1179 3664 me
