2676 3984
402 245 661 302 ramusculum
677 245 751 302 vm.
774 251 885 304 12-14.
1054 243 1118 308 251

159 391 263 457 hebes
278 391 319 456 sd
335 390 379 476 id,
398 390 484 476 quod
497 391 612 456 melius
631 393 689 476 est,
705 390 961 476 intelligendum.
995 387 1120 455 Deinde

160 479 317 564 -quod
349 479 525 544 maximum
556 482 606 544 est
628 515 670 528 ·-
698 500 759 566 ego
790 479 883 544 illum
913 477 1007 544 valde
1038 498 1120 542 amo.
1238 528 1240 532 .

162 568 274 653 Voles,
296 565 421 652 Cicero,
444 565 618 634 Curionem
642 572 792 634 nostrum
817 569 943 633 lautum
969 566 1155 631 interese-2

160 657 265 722 sionis
288 657 328 722 de
350 656 524 742 provinciis
551 657 673 722 exitum
702 657 868 722 habuisse:
899 677 990 740 nam,
1021 675 1121 739 quum

159 747 199 811 de
220 746 452 812 intercessione
482 745 668 830 referretur,
700 767 783 830 quae
813 745 928 810 relatio
954 743 1054 809 fiebat
1082 765 1121 807 ex

160 837 295 899 senatus
328 835 490 919 consulto,
517 835 684 920 primaque
715 834 760 898 M.
782 832 928 899 Marcelli
960 833 1121 898 sententia

161 923 375 1007 pronuntiata
402 925 500 1006 esset,
531 922 586 1006 qui
616 922 779 1008 agendum
807 944 879 988 cum
910 921 1050 988 tribunis
1076 919 1120 1005 pl.

55 1073 57 1078 .
159 1011 330 1096 censebat,
360 1011 514 1096 frequens
540 1014 673 1076 senatus
699 1012 736 1076 in
758 1012 822 1076 alia
846 1011 955 1076 omnia
976 1011 1028 1095 iit3
1055 1013 1120 1075 sto·

161 1099 279 1164 macho
303 1102 353 1164 est
375 1099 498 1165 scilieet
514 1099 688 1184 Pompeius
710 1098 851 1186 Magnus
872 1120 961 1164 nunc
983 1099 1030 1164 its
1051 1099 1120 1162 lan-

160 1187 286 1273 guenti,
308 1191 346 1252 ut
368 1189 422 1253 rix
439 1187 482 1272 id,
505 1188 591 1273 quod
609 1188 671 1254 sibi
689 1189 824 1273 placeat,
841 1189 993 1272 reperiat:
1016 1190 1120 1252 trans-

161 1277 269 1341 ierant
286 1276 373 1361 illuc,
391 1277 552 1343 rationem
569 1293 635 1340 ‚esse
658 1277 726 1342 eius
743 1275 936 1359 habendam,
953 1275 1009 1361 qui
1026 1295 1121 1358 osque

160 1365 338 1430 exercitum
364 1387 469 1450 neque
500 1367 683 1450 provincias
699 1365 859 1431 traderet.
909 1363 1120 1441 Quemadmo-

160 1453 242 1518 dum
262 1453 326 1520 hoo
342 1452 516 1540 Pompeius
533 1456 659 1519 laturus
678 1455 729 1540 sit,
751 1475 850 1539 quum
869 1475 1022 1540 cognoro,
1044 1453 1120 1518 sori-

162 1542 252 1607 bsm:
275 1542 430 1627 quidnam
451 1543 499 1608 rei
520 1543 668 1627 publicae
690 1543 835 1609 futurum
858 1543 913 1626 sit,
941 1543 968 1608 si
990 1546 1048 1608 aut
1067 1561 1120 1606 as·

161 1631 225 1696 mss
236 1632 361 1696 resistat
372 1635 430 1696 aut
447 1653 515 1698 non
529 1635 627 1717 curet,
646 1654 703 1698 vos
723 1653 815 1698 senes
833 1632 949 1697 divites
967 1629 1120 1697 videritis.

161 1717 200 1796 Q.
223 1717 432 1873 {lortensiua
459 1741 559 1806 quum
583 1720 645 1786 has
671 1721 795 1786 litteras
825 1721 952 1808 scripsi,
978 1719 1120 1786 unimam

160 1827 225 1894 age
249 1811 292 1874 at

598 2017 687 2086 XIV.

301 2131 359 2216 Sor..
378 2131 483 2190 Romae
501 2149 596 2188 mense
615 2131 815 2203 Septembris.
834 2151 861 2188 u.
880 2148 904 2187 c.
924 2136 984 2188 704.

418 2257 571 2312 cunnus
592 2255 764 2312 CICERONI
782 2256 857 2312 SAL.

253 2353 350 2421 Tanti
379 2378 447 2421 non
473 2357 537 2422 fuit
562 2356 708 2423 Arsacen
735 2379 848 2442 capere
876 2360 909 2420 et
935 2353 1153 2422 Seleuceam!

161 2465 363 2529 expugnare,
385 2448 422 2510 ut
444 2467 698 2531 serumserum,
721 2468 803 2531 quae
825 2446 879 2510 hio
901 2447 1012 2532 gestae
1035 2449 1120 2529 sunt,

162 2534 347 2616 spectaculo
370 2554 507 2598 careres:
538 2557 716 2620 numquam
737 2536 799 2600 tibi
820 2535 906 2600 oculi
933 2534 1120 2618 doluissent,

161 2621 191 2685 si
213 2621 250 2685 in
270 2621 401 2706 repulsa
422 2621 559 2688 Domitii
580 2625 706 2689 vultum
726 2624 870 2689 vidisses.
915 2623 1038 2709 Magna
1063 2623 1121 2688 ille

162 2709 295 2774 comitia
316 2709 449 2776 fuerunt
477 2714 511 2775 et
537 2713 633 2796 plane
660 2712 767 2776 studia
793 2734 832 2776 ex
858 2712 1000 2797 partium
1023 2731 1119 2777 sensu

160 2802 395 2882 apparuerunt:
432 2801 585 2884 perpauci
615 2799 885 2865 necessitudinem
916 2801 1018 2865 secuti
1049 2800 1119 2865 offi-

160 2887 248 2952 cium
269 2888 510 2972 praestiterunt.
555 2887 668 2972 Itaque
695 2888 776 2953 mihi
798 2891 848 2952 est
869 2888 1032 2954 Domitius
1059 2889 1119 2953 ini·

161 2974 369 3060 micissimus,
395 2979 433 3040 ut
455 2997 496 3040 ne
523 2975 717 3041 familiarem
738 2977 867 3062 quidem
895 2999 989 3042 suum
1011 2999 1119 3062 quem-

159 3084 259 3146 qnam
281 3067 350 3128 tam
373 3064 478 3129 oderit
500 3086 598 3149 quam
620 3087 685 3149 me,
711 3067 808 3150 atque
831 3088 870 3132 eo
892 3067 1011 3151 magis,
1033 3065 1119 3149 quod

231 3307 284 3378 Ep.
304 3315 386 3377 13,1.
422 3310 667 3380 mdisssest(W.).
712 3310 982 3381 m.ss'tll.‚vclgo.
1028 3314 1120 3365 aas

157 3379 218 3434 scil.
248 3379 396 3450 Pompeius
424 3380 485 3448 (ll,
507 3381 614 3451 vulgo).
666 3385 704 3434 est
743 3383 800 3436 ses'l.
826 3381 874 3452 Ρ.]
904 3381 947 3435 Μ.
975 3380 1063 3449 Man,
1086 3381 1118 3436 B.

161 3481 194 3492 -
217 3451 352 3507 rottonan
374 3467 428 3506 esse
455 3453 514 3506 eius
535 3452 687 3507 habendam
759 3454 776 3521 .)
802 3455 835 3506 ut
859 3451 968 3507 scaone
989 3453 1048 3508 aas
1070 3452 1118 3507 les-

159 3521 308 3647 manill
344 3538 370 3578 s.
387 3523 446 3578 eius
464 3522 489 3578 h.
507 3520 540 3576 B.
564 3552 598 3562 -
622 3537 747 3592 cooaoro,
768 3521 887 3577 scribam
912 3523 987 3590 (W.).
1023 3535 1118 3593 coeno

157 3607 233 3648 soom
311 3634 317 3647 .
