2636 3986
253 208 322 272 474
537 207 575 262 Μ.
594 206 717 262 TULLII
735 205 928 263 CICERONIS

664 455 794 522 LXXII.

533 575 590 633 Scr.
609 577 714 632 Romae
733 594 757 632 a.
777 595 806 634 u,
823 594 846 631 c.
867 584 927 634 708.

365 717 404 774 M.
423 716 553 775 CICERO
572 717 602 773 P.
622 717 790 774 SERVILIO
810 717 1000 775 COLLEGAE
1021 717 1099 774 SAL.

219 841 234 892 ι
321 825 505 911 Caerelliae,
526 828 725 894 necessariae
747 848 851 912 meae,
873 849 951 912 rem,
973 828 1118 912 nomina,
1142 848 1214 912 pos·

254 917 413 982 sessiones
443 916 605 982 Asiaticas
637 916 858 982 commendavi
893 917 955 981 tibi
989 937 1147 1001 praesens
1182 917 1215 980 in

161 1018 166 1024 ’
253 1004 357 1071 hortis
383 1004 448 1069 tuis
476 1026 574 1090 quam
595 1005 687 1089 potui
718 1004 977 1089 diligentissime,
1008 1007 1110 1088 tuque
1135 1004 1215 1068 mihi

252 1115 313 1178 pro
334 1095 393 1158 tue
414 1092 643 1158 consuetudine
665 1114 787 1177 proque
813 1093 879 1158 tuis
906 1093 942 1157 in
969 1114 1027 1186 med
1046 1093 1213 1176 perpetuis

253 1181 465 1267 maximisque
488 1181 601 1246 officiis
625 1181 734 1246 omnia
755 1184 788 1245 te
810 1181 970 1246 facturum
988 1177 1214 1245 liberalissime

253 1270 419 1355 recepisti:
460 1270 645 1335 meminisse
680 1273 714 1333 te
753 1269 787 1334 id
829 1291 922 1354 spero
950 1307 992 1316 -
1021 1269 1087 1334 scio
1127 1271 1213 1334 enim

254 1358 357 1423 solere
380 1382 437 1442 -3
465 1359 522 1424 sed
547 1361 657 1423 tamen
684 1355 858 1424 Caerelliae
884 1361 1107 1443 procuratores
1139 1358 1213 1422 scri-

253 1449 390 1530 pserunt
415 1449 448 1509 te
474 1450 607 1530 propter
632 1446 889 1532 magnitudinem
920 1446 1102 1531 provinciae
1133 1447 1213 1510 mul-

254 1532 489 1617 titudinemque
519 1534 724 1618 negotiorum
755 1535 853 1600 etiam
885 1538 981 1620 atque
1013 1533 1110 1598 eliam
1145 1555 1212 1599 esse

219 1621 613 1692 acommonefaeiandum.
657 1622 738 1688 Peto
765 1623 877 1708 igitur,
908 1627 947 1688 ut
968 1623 1155 1688 memineris
1183 1627 1212 1686 te

255 1710 373 1793 omnia,
396 1732 477 1794 quae
498 1714 557 1775 tua
577 1711 656 1776 fides
678 1715 855 1796 pateretur,
877 1712 958 1778 mihi
981 1711 1143 1777 cumulate
1166 1732 1211 1775 re

255 1798 386 1883 cepisse.
431 1798 591 1884 Equidem
618 1800 765 1864 existimo
792 1800 911 1865 habere
933 1804 966 1865 te
988 1819 1146 1884 magnam
1168 1800 1211 1864 fa·

255 1888 408 1952 cultatem
422 1925 465 1934 -
485 1888 541 1953 sed
562 1889 624 1953 hoc
645 1889 694 1952 tui
717 1891 767 1953 est
789 1889 915 1954 consilii
938 1892 970 1954 et
991 1888 1101 1952 iudicii
1115 1925 1160 1935 -
1176 1910 1211 1951 ex

256 1996 294 2040 eo
323 1980 453 2041 senatus
477 1977 635 2060 consulto²
657 1977 743 2063 quod
768 1977 804 2041 in
830 1977 963 2042 heredes
990 1975 1025 2043 C.
1048 1975 1211 2043 Vennonii

255 2063 377 2129 factum
400 2068 457 2149 est,
476 2064 650 2130 Caerelliae
669 2065 907 2130 commodandi:
929 2065 964 2130 id
986 2066 1117 2130 senatus
1138 2087 1210 2130 con·

256 2153 376 2218 sultum
406 2157 444 2217 tu
474 2153 726 2237 interpretabere
757 2176 817 2237 pro
847 2157 905 2218 tua
936 2154 1107 2238 sapientia3
1147 2153 1210 2218 scio

255 2241 343 2305 enim
378 2241 445 2306 eius
483 2241 604 2307 ordinis
641 2242 865 2307 auctoritatem
899 2264 1026 2327 semper
1061 2242 1149 2326 apud
1180 2245 1209 2304 te
1272 2241 1273 2246 ’

255 2330 367 2414 magni
388 2329 496 2394 fuisse.
542 2329 634 2406 Quod
655 2331 814 2415 reliquum
837 2334 894 2415 est,
918 2332 964 2396 sic
984 2331 1082 2395 velim
1104 2329 1209 2394 existi·

255 2439 333 2501 mes,
357 2417 609 2502 quibuscumque
626 2418 722 2483 rebus
741 2417 914 2484 Caerelliae
932 2418 1072 2505 benigne
1090 2419 1209 2500 feceris,
1272 2437 1273 2462 l

255 2505 336 2569 mihi
357 2509 390 2569 te
414 2505 632 2590 gratissimum
655 2527 727 2585 cese
747 2506 915 2574 facturum.

662 2717 809 2784 LXXIII.

534 2837 591 2895 Scr.
610 2839 715 2894 Romae
734 2856 759 2894 a.
778 2857 805 2893 u.
824 2856 846 2894 c.
867 2845 926 2896 700.

388 2977 426 3033 Μ.
446 2977 578 3040 CICERO
598 2979 628 3046 Q.
647 2977 816 3035 PHILIPPO
833 2979 981 3037 PROCOS.
1002 2979 1077 3036 SAL.

222 3106 237 3158 1
324 3085 476 3153 Gratulor
494 3088 571 3174 tibi,
598 3089 684 3173 quod
711 3110 750 3152 ex
771 3089 937 3174 provincia
965 3090 1089 3156 salvum
1115 3093 1148 3156 te
1172 3087 1209 3154 ad

255 3177 330 3242 tuos‘
352 3175 514 3262 recepisti,
541 3177 695 3242 incolumi
716 3177 804 3242 fama
827 3183 859 3243 et
880 3200 915 3243 re
936 3178 1074 3262 publica
1121 3175 1209 3254 Quod

327 3401 379 3525 {p
400 3408 442 3470 ⁷2,
458 3408 481 3456 1.
509 3402 646 3472 recepisti:
667 3417 742 3456 mun.
762 3443 785 3456 ..
804 3419 883 3473 spero
901 3435 935 3444 -
953 3405 1009 3459 acio
1027 3422 1048 3460 c.
1067 3405 1208 3468 soure-;

257 3471 347 3553 sed('
371 3475 397 3539 ).
440 3487 492 3526 rec.
521 3472 566 3525 Μ.
585 3486 684 3539 ..ep.;
706 3487 806 3527 aaa.
839 3473 894 3530 Sed
911 3475 1006 3545 vulgo.
1048 3479 1073 3530 2.
1103 3489 1208 3531 omnmo

258 3540 360 3596 danda:
377 3541 409 3595 ut
426 3541 500 3607 (W.).
538 3556 560 3594 c.
589 3541 635 3594 Id.
654 3540 748 3611 vulgo.
