2578 3982
253 253 318 320 658
508 251 688 308 EPISTOLA
706 249 739 317 Q.
756 247 950 306 CICERONIS

252 399 377 465 fruetus
391 401 441 464 est
453 397 661 482 assiduitatis,
677 417 747 463 nou
764 397 870 462 solum
888 415 959 462 essa
971 394 1108 462 Romae
1126 397 1217 479 atque

253 489 289 553 in
310 487 392 570 foro,
414 487 471 552 sed
491 485 618 552 assidue
636 488 755 572 petere,
777 505 873 570 saepe
891 483 1025 551 eosdem
1044 485 1217 569 appellare,

252 597 321 641 uon
335 575 545 659 committere,
562 578 600 638 ut
617 575 788 657 quisquam
805 573 910 658 possit
927 572 1052 638 dioere:
1076 574 1101 652 †
1115 573 1217 657 quoad

254 665 323 730 eins
354 664 507 748 consequi
537 663 656 747 possis,
688 663 716 726 si
747 662 806 726 abs
836 665 870 726 te
896 681 965 726 non
992 661 1038 725 sit
1066 665 1218 746 rogatum

212 771 241 812 u
255 756 289 818 et
310 752 402 817 valde
425 773 463 817 ao
485 751 657 836 diligenter
678 753 838 835 rogatum.
881 747 1083 834 Benignites
1111 753 1218 814 antem

254 841 319 906 late
342 843 445 924 patet:
474 843 524 904 est
545 840 580 904 in
601 860 637 904 re
658 838 824 921 familiari,
846 858 929 920 quae
952 858 1160 922 quamquam
1181 837 1219 900 ad

255 928 494 994 multitudinem
516 928 683 1012 pervenire
704 947 774 992 non
795 928 912 1010 potest,
933 929 1049 990 tamen
1074 926 1119 990 ab
1144 927 1219 990 ami·

256 1018 301 1082 ais
332 1016 496 1098 laudetur,
522 1015 722 1080 multitudini
749 1019 844 1100 grata
869 1017 933 1095 est3
963 1013 1082 1078 estin
1111 1014 1219 1079 eonvi-

255 1105 344 1258 viils,
355 1105 573 1257 qulssrfwffl
593 1104 707 1204 atabs
721 1100 1027 1256 desiibadmmlis
1049 1102 1218 1256 tuhipmoon·

255 1213 401 1258 oeeren
488 1213 505 1258 e
551 1212 722 1277 pessume
833 1213 855 1256 u
921 1210 982 1272 3e
1049 1211 1069 1254 e
1186 1213 1219 1254 m

256 1303 367 1435 an
386 1303 491 1434 rs
505 1281 1159 1451 ststttnttsltnstss
1173 1283 1220 1432 d*

255 1459 323 1523 lum
353 1457 479 1523 foribus
510 1457 637 1522 aedium
666 1461 810 1539 tuarum,
840 1455 898 1520 sed
930 1455 1029 1519 etiam
1056 1456 1157 1520 vultu
1186 1477 1219 1519 ee

255 1546 373 1627 fronte,
395 1565 477 1628 quae
500 1547 550 1609 ast
572 1545 672 1608 animi
693 1545 802 1627 ianua,
822 1563 905 1627 quae
927 1543 956 1606 si
973 1543 1146 1628 signifieat
1169 1567 1220 1610 vo-

256 1634 416 1698 luntatem
447 1632 590 1698 abditam
617 1652 687 1697 esse
718 1652 756 1696 ao
786 1636 959 1714 retrusam,
988 1632 1088 1714 parvi
1121 1633 1220 1697 refert

256 1724 367 1807 patere
394 1722 527 1805 ostium,
558 1721 707 1786 homines
734 1720 821 1785 enim
847 1740 916 1785 non
941 1719 1039 1784 modo
1068 1721 1219 1804 promitti

258 1810 329 1895 sibi,
350 1810 539 1894 praesertim
562 1829 644 1894 quae
666 1831 687 1873 a
705 1807 877 1873 candidato
893 1810 1017 1892 petant,
1040 1808 1218 1874 sedetiam

215 1899 347 1984 relarge
370 1901 466 1983 atque
488 1897 664 1963 honorifice
685 1896 834 1980 promitti
855 1897 978 1961 uolunt.
1023 1894 1136 1972 Quare
1159 1897 1220 1962 hoa

258 1988 387 2071 quidem
416 1986 512 2052 facile
539 1989 746 2070 praeceptum
777 1988 840 2069 est,
866 1988 919 2068 ut,
949 1984 1037 2068 quod
1067 1985 1220 2051 facturus

258 2076 312 2160 sis,
333 2075 366 2139 id
390 2075 551 2160 significes
573 2077 606 2138 te
629 2072 771 2138 studiose
793 2093 831 2138 ao
853 2073 991 2138 libenter
1018 2093 1093 2138 esse
1116 2073 1219 2139 iaetu·

257 2185 343 2248 rum,
368 2162 450 2228 illud
472 2161 634 2228 difficilius
656 2166 690 2226 et
711 2161 815 2247 magis
838 2161 879 2225 ad
901 2164 1030 2246 tempus
1053 2181 1158 2246 quam
1181 2163 1219 2227 ad

257 2255 409 2317 naturam
439 2250 716 2316 accommodatum
745 2253 850 2334 tuam,
886 2249 972 2334 quod
1006 2248 1124 2316 faeere
1153 2273 1219 2316 non

258 2341 373 2425 possis,
393 2342 432 2406 nt
452 2339 487 2404 id
509 2339 592 2379 *²⁸⁸*
614 2341 671 2403 aut
688 2337 826 2402 iucunde
844 2358 957 2424 neges:
979 2359 1127 2421 quornm
1145 2341 1218 2405 ulte

257 2450 330 2493 rum
358 2430 543 2494 esttamen
569 2426 748 2511 boniviri,
775 2426 912 2492 alterum
943 2425 1021 2492 boni
1052 2429 1216 2512 petitoris,

258 2537 348 2598 nam,
375 2536 475 2599 quum
495 2513 530 2580 id
555 2515 691 2598 petitur,
716 2514 803 2598 qnod
824 2514 962 2580 honeste
983 2517 1043 2579 aut
1069 2517 1148 2582 sine
1167 2515 1214 2580 de

257 2604 412 2670 trimento
444 2605 557 2668 nostro
593 2603 780 2687 promittere
810 2623 879 2668 non
914 2623 1107 2688 possumus,
1146 2627 1216 2690 quo

257 2694 355 2760 modo
378 2693 406 2758 si
428 2692 485 2778 qui
506 2695 609 2778 roget,
630 2695 669 2756 ut
690 2695 804 2756 uonna
821 2691 960 2756 amicum
977 2691 1127 2776 aliquem
1151 2715 1219 2759 oau-

259 2804 329 2849 sam
354 2782 560 2866 recipiamus,
586 2780 670 2844 bells
696 2778 882 2865 negandum
909 2783 971 2865 est,
997 2783 1036 2844 nt
1063 2783 1220 2847 ostendas

257 2870 541 2954 necessitudinem,
573 2867 790 2952 demonstres,
826 2889 923 2952 quam
952 2868 1091 2934 moleste
1126 2871 1221 2954 feras,

326 3038 367 3100 11,
387 3037 430 3087 43.
462 3029 589 3102 Musaei
611 3029 670 3084 etus
691 3030 775 3082 emeat.
794 3024 869 3094 (Wl.
905 3021 1087 3089 Exciderunt,
1114 3021 1222 3092 opinor,
1254 3007 1255 3026 ¹

252 3103 388 3158 nonnulla
405 3103 471 3157 ante
489 3100 588 3171 quood.
620 3099 665 3154 An
683 3098 771 3154 dicere
788 3096 856 3166 qaid
874 3109 928 3150 esse
947 3093 1003 3162 (vel
1020 3092 1058 3158 d,
1077 3093 1153 3161 quid
1169 3093 1222 3156 sit),

253 3175 326 3248 qaod
343 3191 365 3230 o.
379 3192 410 3243 p.
426 3173 501 3244 (Wl‘e
529 3188 553 3242 q.
568 3188 589 3226 e.
608 3171 712 3235 †ooas.
727 3167 758 3222 Β.
787 3172 830 3221 44.
848 3166 896 3232 fac
913 3167 945 3219 ut
962 3161 1221 3231 et(1ed.Lamb.).

253 3250 339 3317 facito
357 3249 383 3300 et
403 3253 416 3300 1
437 3243 471 3300 od
497 3241 596 3298 Lamb.
628 3241 713 3308 facete
735 3236 797 3293 odd.
822 3234 910 3303 arus,
931 3233 998 3302 ssu,
1017 3249 1114 3317 marg.
1140 3235 1222 3299 Orat,

255 3319 298 3376 od.
311 3317 420 3374 Daniel.
448 3317 495 3384 (ae
508 3320 533 3369 et
546 3313 589 3369 od.
617 3312 711 3379 Turn,
724 3309 756 3364 Β.
771 3339 805 3348 -
823 3323 893 3377 qaue
906 3323 925 3362 a
939 3304 1222 3388 omtdrdatostulgo).

254 3391 327 3462 qaod
349 3389 504 3460 aquandum
527 3386 591 3441 dato
613 3382 671 3437 Erf.
708 3380 780 3450 quod
803 3397 829 3434 a.
848 3394 870 3431 o.
889 3376 920 3433 B.
961 3380 1005 3430 45.
1032 3373 1152 3430 Exoudrt
1174 3380 1223 3429 aut

255 3463 368 3532 benique
381 3459 530 3530 prauitas
548 3454 604 3524 (vel
617 3452 783 3524 polliceare).
819 3449 851 3503 id
869 3452 919 3502 aut
941 3446 1061 3501 iarun&
1080 3462 1163 3515 nepes
1181 3446 1221 3500 cd.

255 3533 349 3602 Turn,
367 3531 427 3585 Pul.
462 3530 494 3584 id
516 3527 632 3582 mauride
653 3541 681 3577 a.
712 3519 780 3588 nrt,
798 3518 861 3575 edd.
879 3519 947 3573 vett.
984 3517 1016 3572 id
1038 3517 1163 3572 iocunde
1179 3517 1221 3569 in·

255 3619 340 3674 penae
357 3619 385 3657 a.
405 3599 447 3656 od.
465 3599 555 3654 Maur.
575 3625 608 3636 -
623 3599 661 3650 eut
678 3597 769 3648 tamn
787 3591 852 3648 toni
869 3588 956 3659 (Eri).
988 3591 1028 3644 eet
1044 3587 1069 3642 t.
1089 3587 1187 3658 vulgo.
