2658 3986
383 237 642 294 EPISTOLARUM
659 238 721 292 Vll.
741 244 818 294 7-9.
1014 235 1079 301 203

116 388 217 452 natus
242 383 420 467 commoda,
443 383 572 468 dempto
595 382 785 468 praesertim
806 382 916 448 labore
938 382 1080 467 militiae,

117 473 365 560 contempseris.
401 472 525 549 Querar
542 493 616 537 oum
632 468 776 537 Vacerra
793 473 826 535 et
838 468 987 555 Manilio;
1004 482 1115 534 noma
1230 521 1231 527 ,

118 561 275 629 Cornelio
298 559 381 628 nihil
404 561 506 627 audeo
530 553 643 645 dicere,
666 561 757 626 cuius
778 563 815 624 tu
838 559 979 644 periculo
1004 559 1081 624 stul·

119 655 175 717 tus
199 673 244 736 es,
267 650 421 736 quoniam
443 653 476 715 te
495 649 536 714 ab
555 670 593 715 eo
614 670 727 734 sapere
746 649 893 714 didicisse
911 648 1081 733 profiteris.

120 739 210 818 Quin
231 743 269 805 tu
291 760 388 826 urges
410 739 508 804 istam
530 739 731 804 occasionem
750 741 783 802 et
799 738 996 821 facultatem,
1019 758 1083 821 qua

120 829 239 894 melior
260 849 437 913 numquam
464 826 662 912 reperietur?
707 826 801 903 Quod
823 826 936 892 scribis
964 825 1003 890 de
1025 825 1081 891 illo

121 917 281 983 Preciano
303 917 535 1001 iureconsulto,
562 936 624 1001 ego
645 919 679 981 te
707 916 737 981 ei
763 937 831 982 non
858 915 970 980 desino
998 935 1082 980 com-

122 1006 292 1090 mendaro;
323 1005 436 1072 scribit
462 1005 560 1070 etiam
590 1006 660 1089 ipse
691 1004 773 1068 mihi
801 1008 835 1070 te
867 1004 929 1069 sibi
960 1003 1082 1089 gratias

123 1116 221 1181 egere
245 1093 374 1161 deberet
398 1093 436 1158 de
459 1115 498 1160 eo
522 1092 601 1178 quid
622 1094 674 1178 sit,
696 1113 783 1177 cura,
805 1095 843 1157 ut
865 1092 974 1157 sciam.
1009 1090 1083 1177 Ego

122 1187 250 1250 vestras
273 1181 480 1248 Britannicas
502 1183 628 1247 litteras
651 1185 810 1266 exspecto.

575 1375 632 1441 IX.

293 1487 351 1544 Sor.
370 1489 477 1544 Itomae
495 1505 590 1545 mensa
609 1488 710 1545 Sextili
727 1505 752 1544 a
771 1507 798 1544 u.
817 1504 841 1544 o.
853 1490 911 1542 ⁷00.

436 1612 565 1670 CICERO
584 1611 777 1669 TREBATIO.

193 1712 321 1778 Iamdiu
347 1713 476 1800 ignoro,
508 1713 584 1798 quid
612 1733 705 1798 agas3
736 1713 819 1778 nihil
845 1712 932 1778 enim
959 1710 1119 1796 scribis31

126 1823 232 1887 neque
255 1821 316 1887 ego
340 1801 381 1867 ad
403 1802 436 1868 te
458 1801 510 1867 his
537 1801 854 1871 duobus.mensibus
881 1800 1085 1884 scripseram:

127 1891 215 1976 quod
238 1911 312 1956 oum
335 1889 455 1967 Quinto
474 1890 578 1974 ¹fratre
600 1912 672 1956 meo
695 1911 763 1957 non
786 1910 871 1975 eras,
892 1910 956 1973 quo
979 1889 1085 1954 mitte·

128 2001 196 2045 rem
220 1982 278 2044 sut
299 1980 352 2045 cui
375 1979 498 2063 darem,
524 1979 716 2044 nesciebam.
761 1976 863 2062 Cupio
888 1977 982 2062 scire,
1010 1976 1086 2061 quid

128 2089 208 2154 agas
236 2070 271 2134 et
300 2068 358 2134 ubi
389 2070 433 2134 sis
463 2066 676 2133 hiematurus:
708 2066 856 2151 equidem
886 2065 982 2130 velim
1013 2086 1087 2129 cum

130 2154 277 2241 Caesare,
300 2156 356 2221 sed
379 2156 420 2222 ad
443 2178 517 2222 eum
539 2159 673 2240 propter
694 2155 764 2219 eius
781 2155 896 2220 acan
912 2152 996 2218 nihil
1015 2174 1087 2216 sum

130 2267 229 2310 susus
251 2244 406 2330 scribere;
428 2245 470 2309 ad
492 2243 632 2310 Balbum
653 2247 764 2308 tamen
787 2241 909 2327 scripsi.
954 2240 1004 2306 'ru
1026 2240 1123 2308 tibia

130 2333 241 2400 deesse
272 2334 354 2418 noli3
390 2334 492 2399 serius
523 2333 632 2417 potius
664 2332 705 2397 ad
736 2353 810 2417 nos,
846 2331 922 2396 dum
952 2329 1088 2416 plenior.

131 2421 225 2501 Quod
246 2422 311 2488 huc
332 2443 500 2509 properes,
520 2421 604 2487 nihil
626 2423 684 2506 est,
705 2420 895 2506 praesertim
913 2419 934 2499 †
952 2417 1088 2484 Battara

131 2514 274 2596 mortu03
301 2512 357 2576 sed
383 2511 444 2576 tibi
471 2511 642 2576 consilium
668 2531 736 2576 non
763 2510 861 2574 deest.
906 2507 990 2584 Quid
1013 2529 1095 2574 oon--

132 2600 285 2684 stitueris,
308 2600 402 2686 cupio
425 2598 515 2664 scire.
550 2597 608 2665 On.
627 2597 778 2664 Octavius
801 2601 852 2664 est
873 2619 917 2662 an
935 2595 993 2663 On.
1011 2594 1088 2662 Cor·
1106 2607 1124 2657 ³

131 2689 237 2754 nelius
260 2687 404 2773 quidam,
430 2691 506 2754 tuus
527 2687 710 2772 familiaris,
737 2707 862 2752 summo
892 2705 1008 2771 genere
1031 2706 1088 2750 na·

131 2779 194 2861 tus,
216 2780 322 2842 terrae
344 2776 444 2842 filiusr
466 2776 495 2842 is
517 2797 578 2861 me,
601 2776 677 2861 quia
699 2775 760 2841 scit
781 2778 875 2840 tuum
894 2774 1089 2839 familiarem

132 2886 216 2949 esse,
242 2865 355 2931 crebro
378 2865 419 2930 ad
442 2885 576 2930 coenam
598 2864 729 2947 inritat3
756 2863 860 2928 adhuc
887 2883 956 2928 non
981 2861 1090 2947 potuit

131 2953 316 3040 perducere,
339 2953 396 3020 sed
418 2953 499 3019 mihi
520 2956 632 3020 tanim
654 2955 782 3038 gratum
806 2955 863 3018 est

202 3179 255 3250 Ep.
275 3187 301 3248 8,
315 3186 340 3238 2.
377 3198 393 3236 r
425 3179 546 3238 orietur?
584 3181 663 3252 Quod
682 3181 755 3249 (W.).
793 3181 864 3248 rep!
898 3178 976 3248 Quod
993 3175 1086 3244 vulgo.

132 3281 166 3292 -
185 3252 282 3307 auehit
299 3253 381 3308 etium
433 3255 459 3322 .).
495 3269 515 3308 s.
535 3253 607 3307 euim
624 3252 671 3320 M„
686 3252 778 3322 vulgo.
815 3249 866 3319 Ep.
887 3255 912 3315 9,
927 3253 951 3302 2.
987 3246 1088 3313 ‘snat-

132 3325 196 3379 torc
216 3322 292 3395 (W.).
334 3322 453 3380 Vacerra
472 3321 586 3393 (Oratis
622 3322 744 3377 Battara
761 3321 826 3375 ΜΒ.
