2578 3982
554 279 592 356 Q.
615 277 891 346 CICERONIS

416 407 553 452 vassus
578 407 730 457 ournnu
752 409 799 450 nn
822 410 876 451 xrr
898 381 1030 453 sreursss

240 507 392 574 Flumina
414 515 513 574 verna
536 509 622 575 cient
647 509 784 576 obscuro
806 510 926 576 lumine
948 509 1072 576 Pisces:

242 595 509 682 curriculumque
532 596 627 662 Aries
651 602 771 683 aequat
792 599 961 684 noctisque
984 599 1128 684 diciquer
1250 589 1251 596 ἵ

243 683 373 751 Cornua
395 707 490 771 quem
513 685 656 751 condunt
677 686 794 752 florum
816 687 1024 770 praenuntia,
1046 687 1160 752 Tauri:

242 773 406 859 Aridaque
430 774 563 838 aestatis
587 771 716 839 Gemini
739 775 921 858 primordia
943 775 1104 858 pandunt,

207 861 416 946 5Longaque
439 862 505 926 iam
529 862 646 927 minuit
667 862 856 945 praeclarus
879 863 1002 927 lumine
1027 860 1165 941 Cancer,

242 949 511 1035 Languificosque
533 949 599 1015 Leo
621 950 742 1033 proflat
764 949 851 1014 ferus
875 972 929 1015 ore
952 951 1094 1016 celeres:
1251 1019 1252 1046 ¹

242 1039 323 1104 Post
346 1038 508 1103 modicum
531 1038 679 1123 quatiens
698 1037 802 1124 Virgo
825 1037 921 1124 fugat
943 1042 1015 1103 orta
1037 1061 1202 1124 vaporem,
1251 1049 1252 1078 l

243 1126 401 1190 Autumni
423 1129 547 1192 reserat
569 1130 680 1210 portas
705 1130 884 1212 aequatque
907 1125 1021 1192 diurna
1251 1133 1252 1136 ’

243 1215 404 1298 Tempora
425 1215 593 1279 nocturnis
617 1214 768 1298 dispenso
792 1215 895 1279 sidere
918 1213 1026 1280 Libra

193 1311 226 1361 10
244 1301 367 1368 Effetos
390 1324 500 1368 ramos
526 1303 668 1371 denudat
689 1303 821 1368 flamma
841 1301 955 1386 Nepai.

243 1391 344 1476 Pigra
366 1391 595 1476 sagittipotens
618 1391 780 1455 iaculatur
800 1390 925 1476 frigora
945 1390 1052 1455 terris.
1252 1455 1253 1474 ἰ

243 1479 368 1544 Bruma
390 1479 466 1564 gelu
489 1479 634 1564 glacians
657 1478 753 1544 iubar
776 1482 826 1544 est
849 1479 977 1563 spirans
1002 1476 1203 1562 Capricorni.

136 1605 139 1620 ›
248 1567 353 1644 Quam
376 1568 521 1650 sequitur
542 1566 678 1632 nebulas
701 1588 814 1632 rorans
837 1567 946 1650 liquor
969 1567 1055 1632 altus
1069 1567 1204 1652 Aquari,

245 1655 351 1720 Tanta
374 1677 471 1739 super
492 1655 637 1740 circaque
659 1656 770 1740 vigent
795 1655 852 1719 ubi
873 1655 1016 1720 flumina.
1062 1653 1178 1720 Mundi

194 1751 226 1800 ¹5
246 1743 292 1807 At
315 1743 428 1808 dextra
452 1743 606 1828 laevaque
630 1745 694 1808 ciet
715 1746 788 1809 rota
809 1743 936 1827 fulgida
958 1741 1044 1809 Solis

244 1831 368 1897 Mobile
392 1831 588 1897 curriculum
611 1834 644 1895 et
665 1831 761 1896 lunae
785 1831 958 1896 simulacra
980 1829 1138 1896 feruntur.
1253 1825 1254 1892 l

192 1995 194 1999 ⁸
246 1919 388 2005 Squama
410 1919 470 1984 sub
493 1919 616 1985 Arctoo
642 1921 816 2003 conspectu
838 1922 926 1984 torta
946 1917 1107 1984 Draconis

245 2007 386 2073 Eminet.
430 2005 523 2073 Hanc
545 2005 629 2072 inter'
650 2007 813 2092 fulgentes
837 2006 967 2072 aethere
990 2012 1116 2092 septem

245 2095 365 2181 Magna
390 2097 496 2180 quatit
520 2096 647 2180 stellas,
670 2117 766 2180 quam
790 2116 920 2160 servans
944 2117 1033 2160 serus
1056 2096 1091 2162 in
1115 2097 1183 2162 alta
1254 2173 1255 2190 χ

193 2191 229 2241 2⁰
247 2183 405 2250 Conditur
426 2183 546 2249 Oceani
568 2185 641 2268 ripa
663 2204 736 2248 eum
758 2184 830 2248 luce
852 2183 981 2250 Bootes.
1254 2193 1255 2198 ’

619 2379 832 2390 --.---

286 2569 496 2654 EIUSDEM,
519 2570 578 2637 UT
600 2570 788 2656 FERTUR,
811 2568 1078 2637 EPIGRAMMA
1099 2570 1165 2639 DE

503 2675 657 2742 AMORE
681 2675 959 2743 FEMINARUM.

234 2817 349 2884 Crede
372 2821 476 2883 ratem
498 2818 616 2883 ventis:
641 2819 785 2883 animum
805 2839 846 2882 ne
868 2818 960 2884 crede
981 2819 1112 2902 puellis.
1219 2879 1225 2890 ,

334 2904 482 2990 Namque
505 2910 556 2971 est
575 2905 715 2971 feminea
736 2907 838 2971 tutior
859 2907 946 2971 unda
966 2905 1038 2970 fide.

248 2993 384 3058 Femina
404 2994 497 3058 nulla
518 2994 605 3060 bona
628 2997 691 3079 cst,
713 2995 765 3058 vel
788 2993 817 3058 si
839 2993 926 3059 bona
947 2995 1088 3080 contigit
1109 2996 1185 3078 ulli,

337 3079 455 3147 Nescio
479 3104 542 3166 quo
565 3082 710 3148 fetores
733 3082 821 3147 mela
842 3081 930 3147 facta
952 3081 1047 3148 bona

501 3575 548 3623 [Ex
560 3573 715 3624 recognitione
728 3573 849 3616 Belnholdi
862 3574 947 3623 Klots]
