2578 3982
223 203 482 258 EPISTOLARUM
500 203 549 258 AD
569 205 600 270 Q.
619 203 795 258 FRATREM
812 205 846 258 Π.
865 210 890 256 4.
910 208 935 257 ὅ.
992 201 1054 266 601

105 347 238 414 offensio
265 348 361 412 nobis
389 348 528 432 obstitit,
560 352 745 413 senatorum
777 348 861 413 enim
893 368 976 413 urna
1005 368 1056 412 co·

104 436 194 520 piosa
217 437 369 520 absolvit,
397 437 541 520 equitum
564 435 767 520 adaequavit,
794 436 917 500 tribuni
944 435 1058 500 aerarii

105 525 374 607 condemnarunt;
404 524 459 590 sed
490 524 553 590 hoc
583 523 823 590 incommodum
849 524 1058 589 consolantur

106 610 310 696 quotidianae
333 613 556 678 damnationes
579 612 789 695 inimicorum,
810 612 846 676 in
868 612 984 695 quibus
1007 631 1058 676 me

104 700 282 784 perlibente
305 702 326 780 †
349 699 461 766 Sevius
489 701 599 766 allisus
627 706 688 785 est,
715 701 812 765 ceteri
839 700 1059 766 conciduntur

105 785 140 852 O.
154 785 234 854 Cato
254 790 463 856 concionatus
486 793 537 854 est
553 789 683 854 comitia
695 789 808 854 haberi
825 810 893 854 non
913 788 1059 870 siturum,

106 877 133 940 si
156 877 218 942 sibi
231 877 253 957 †
266 899 287 942 a
308 879 429 964 populo
453 878 520 942 dies
543 877 660 962 agendi
683 881 792 942 essent
813 876 960 960 exempti.
991 875 1058 958 Ap·

104 965 178 1049 pius
209 987 230 1030 a
261 963 397 1032 Caesare
428 965 573 1031 nondum
608 965 755 1030 redierat.
809 964 894 1030 Tuas
926 964 1085 1029 mirificet

104 1053 230 1118 litteras
252 1059 415 1138 exspecto:
439 1058 535 1138 atque
557 1054 662 1119 adhuc
684 1054 827 1119 clausum
850 1074 937 1117 mare
959 1051 1058 1116 fuisse

106 1142 188 1226 scio,
221 1143 276 1208 sed
303 1144 460 1226 quosdam
486 1144 612 1207 venisse
638 1146 748 1207 tamen
776 1140 870 1206 Olbia
901 1139 1060 1221 dicebant,

107 1230 162 1314 qui
184 1233 217 1295 te
240 1232 333 1296 unice
356 1231 527 1296 laudarent
544 1230 736 1315 plurimique
754 1230 790 1294 in
806 1229 973 1314 provincia
990 1228 1060 1292 fieri

106 1318 260 1383 dicerent:
284 1320 413 1385 eosdem
436 1319 566 1384 aiebant
588 1319 738 1383 nuntiare
756 1321 789 1383 te
806 1318 911 1402 prima
928 1316 1059 1401 naviga·

105 1407 195 1472 tione
225 1407 502 1490 transmissurum
532 1406 566 1472 id
598 1407 692 1491 cupio
725 1410 770 1491 et,
802 1425 996 1490 quamquam
1026 1407 1059 1466 te

105 1495 212 1580 ipsum
240 1496 360 1562 scilicet
390 1496 540 1579 maxime,
570 1499 681 1560 tamen
708 1495 805 1559 etiam
835 1493 959 1559 litteras
986 1495 1059 1558 tuas

106 1586 182 1648 ante
205 1588 364 1668 exspecto.
407 1583 454 1649 Mi
476 1584 585 1667 frater,
609 1584 689 1648 vale.

560 1775 601 1840 V.

268 1886 324 1940 Sor.
344 1901 368 1939 a.
388 1885 413 1940 d.
432 1883 480 1940 Vl.
498 1885 564 1940 Idus
582 1885 693 1956 Apriles
712 1902 736 1938 a.
756 1903 783 1939 n.
803 1901 825 1938 c.
841 1890 900 1940 698.

127 2057 129 2064 ,
245 2008 390 2064 MARCUS
416 2008 554 2075 QUINTO
582 2008 718 2064 FRATRI
745 2007 924 2064 SALUTEM.

173 2109 334 2176 Dederam
357 2109 397 2175 ad
419 2112 453 2173 te
474 2109 599 2173 litteras
623 2111 733 2192 antea,
756 2108 871 2192 quibus
894 2109 964 2171 erat
986 2105 1088 2170 scri-1

106 2203 200 2283 ptum
226 2198 366 2262 Tulliam
392 2200 539 2262 nostram
566 2194 748 2280 Crassipedi
774 2218 823 2279 pr.
849 2194 932 2260 Noa.
959 2193 1062 2279 April.

108 2307 177 2352 esse
200 2287 393 2371 desponsam
416 2289 584 2370 ceteraque
606 2285 645 2349 de
667 2284 852 2369 republica
873 2283 1061 2366 privataque

106 2375 365 2460 perscripseram.
413 2373 531 2439 Postea
558 2376 634 2438 sunt
655 2371 736 2437 haec
764 2375 847 2436 acta:
875 2369 960 2436 Non.
982 2368 1061 2453 Apr.

107 2467 237 2528 senatus
265 2463 413 2528 consulto
440 2461 594 2546 Pompeio
621 2461 757 2546 pecunia
781 2460 908 2526 decreta
936 2459 971 2522 in
992 2479 1061 2523 rem

105 2551 350 2615 frumentariam
378 2551 419 2615 ad
445 2549 510 2615 HS.
534 2565 630 2632 00003
662 2550 717 2614 sed
750 2549 861 2614 eodem
890 2547 940 2612 die
968 2545 1061 2610 vehe-

106 2642 231 2703 menter
258 2642 365 2705 actum
393 2639 432 2705 de
459 2659 538 2723 agro
566 2636 731 2720 Campano
759 2637 897 2701 clamore
931 2637 1061 2700 senatus

105 2748 206 2811 prope
229 2727 421 2792 concionali:
445 2726 599 2790 acriorem
622 2746 751 2788 causam
773 2724 884 2806 inopia
906 2722 1060 2806 pecuniae

104 2815 245 2880 faciebat
268 2818 301 2879 et
323 2836 471 2880 annonae
490 2813 615 2878 caritas.
650 2811 682 2876 N
684 2834 727 2876 on
744 2811 999 2896 praetermittam
1019 2826 1088 2874 nes

104 2903 185 2968 illud
208 2904 350 2987 quidem:
372 2901 416 2967 M.
438 2901 573 2967 Furium
594 2899 759 2982 Flaccum,
782 2899 921 2983 equitem
943 2896 1060 2962 Roma·
1098 2955 1099 2958 ,

103 3013 197 3076 num,
222 2992 388 3056 hominem
414 3012 567 3075 nequam,
599 2986 773 3072 Capitolini
800 2991 833 3052 et
854 2985 1061 3051 Mercuriales

104 3079 144 3144 de
168 3080 304 3165 collegio
337 3081 498 3144 eiecerunt
529 3080 744 3162 praesentem,
773 3074 813 3139 ad
840 3072 938 3158 pedes
965 3073 1060 3138 unius

175 3253 228 3324 Ep.
247 3260 272 3321 4,
287 3260 312 3308 6.
347 3252 480 3320 ’sSeoiua
499 3251 574 3320 (Ψ).
611 3249 707 3306 Seciae
725 3249 756 3302 Β.
793 3247 911 3302 Secutae
926 3247 1060 3314 (W.)?-
1156 3252 1167 3278 ·

103 3325 281 3380 condonatus
298 3329 337 3379 est
354 3324 465 3378 comitia
483 3322 596 3390 (ΜΗ),
638 3337 660 3376 e.
683 3325 721 3374 est
738 3334 766 3372 se
788 3334 809 3373 c.
828 3317 873 3384 L,
892 3317 923 3370 B.
948 3347 980 3356 -
1005 3320 1024 3381 †
1042 3333 1061 3370 a

101 3397 206 3464 populo
225 3395 319 3463 (MR).
361 3395 399 3448 ad
415 3393 548 3462 populum
566 3391 633 3459 (W.)
652 3393 703 3444 aut
721 3405 781 3444 cum
794 3389 899 3457 populo
916 3386 946 3455 I·‚
965 3384 1059 3454 vulgo.

101 3471 238 3590 lchlttue
254 3465 349 3532 Mal,
367 3464 461 3534 vulgo.
507 3463 585 3532 atqui
603 3461 632 3516 B.
662 3491 695 3501 -
725 3459 806 3514 Olbia
825 3457 933 3528 (Man).
981 3456 1060 3512 Ostia
