<?xml version="1.0" encoding="UTF-8"?>
<!DOCTYPE html PUBLIC "-//W3C//DTD XHTML 1.0 Transitional//EN"
    "http://www.w3.org/TR/xhtml1/DTD/xhtml1-transitional.dtd">
<html xmlns="http://www.w3.org/1999/xhtml" xml:lang="en" lang="en">
 <head>
  <title>
</title>
<meta http-equiv="Content-Type" content="text/html;charset=utf-8" />
  <meta name='ocr-system' content='tesseract 3.04.00' />
  <meta name='ocr-capabilities' content='ocr_page ocr_carea ocr_par ocr_line ocrx_word'/>
</head>
<body>
  <div class='ocr_page' id='page_1' title='image "./epistolae00wesegoog_0347.png"; bbox 0 0 2644 3988; ppageno 0'>
   <div class='ocr_carea' id='block_1_1' title="bbox 400 232 1092 302">
    <p class='ocr_par' dir='ltr' id='par_1_1' title="bbox 400 232 1092 302">
     <span class='ocr_line' id='line_1_1' title="bbox 400 232 1092 302; baseline 0.022 -15"><span class='ocrx_word' id='word_1_1' title='bbox 400 232 658 290; x_wconf 78' lang='lat' dir='ltr'>EPISTOLARUM</span> <span class='ocrx_word' id='word_1_2' title='bbox 676 235 710 290; x_wconf 86' lang='lat' dir='ltr'>X.</span> <span class='ocrx_word' id='word_1_3' title='bbox 730 241 773 290; x_wconf 81' lang='lat'>³0.</span> <span class='ocrx_word' id='word_1_4' title='bbox 792 242 834 290; x_wconf 88' lang='grc'>31.</span> <span class='ocrx_word' id='word_1_5' title='bbox 1026 236 1092 302; x_wconf 81' lang='grc'>335</span> 
     </span>
    </p>
   </div>
   <div class='ocr_carea' id='block_1_2' title="bbox 129 377 1127 710">
    <p class='ocr_par' dir='ltr' id='par_1_2' title="bbox 129 377 1127 710">
     <span class='ocr_line' id='line_1_2' title="bbox 129 377 1092 464; baseline 0.006 -22"><span class='ocrx_word' id='word_1_6' title='bbox 129 378 243 461; x_wconf 89' lang='lat' dir='ltr'>aliqua</span> <span class='ocrx_word' id='word_1_7' title='bbox 260 377 385 443; x_wconf 84' lang='lat' dir='ltr'>iactura</span> <span class='ocrx_word' id='word_1_8' title='bbox 406 379 587 445; x_wconf 74' lang='lat' dir='ltr'>cohortium</span> <span class='ocrx_word' id='word_1_9' title='bbox 604 380 838 464; x_wconf 89' lang='lat' dir='ltr'>praetoriarum</span> <span class='ocrx_word' id='word_1_10' title='bbox 856 385 1041 447; x_wconf 87' lang='lat' dir='ltr'>nostrarum</span> <span class='ocrx_word' id='word_1_11' title='bbox 1059 385 1092 448; x_wconf 90' lang='lat' dir='ltr'>et</span> 
     </span>
     <span class='ocr_line' id='line_1_3' title="bbox 129 465 1127 557; baseline 0.003 -25"><span class='ocrx_word' id='word_1_12' title='bbox 129 465 272 551; x_wconf 80' lang='lat' dir='ltr'>legionis</span> <span class='ocrx_word' id='word_1_13' title='bbox 295 465 433 534; x_wconf 85' lang='lat' dir='ltr'>Martiae</span> <span class='ocrx_word' id='word_1_14' title='bbox 459 467 529 532; x_wconf 89' lang='lat' dir='ltr'>fieri</span> <span class='ocrx_word' id='word_1_15' title='bbox 552 469 668 552; x_wconf 89' lang='lat' dir='ltr'>potuit.</span> <span class='ocrx_word' id='word_1_16' title='bbox 712 468 851 553; x_wconf 81' lang='lat' dir='ltr'>Aquilae</span> <span class='ocrx_word' id='word_1_17' title='bbox 879 470 974 554; x_wconf 85' lang='lat' dir='ltr'>duae,</span> <span class='ocrx_word' id='word_1_18' title='bbox 998 471 1092 557; x_wconf 84' lang='lat' dir='ltr'>signa</span> <span class='ocrx_word' id='word_1_19' title='bbox 1124 469 1127 474; x_wconf 81' lang='grc'><strong>’</strong></span> 
     </span>
     <span class='ocr_line' id='line_1_4' title="bbox 131 555 1092 644; baseline 0.008 -28"><span class='ocrx_word' id='word_1_20' title='bbox 131 568 193 618; x_wconf 76' lang='lat' dir='ltr'>ux,</span> <span class='ocrx_word' id='word_1_21' title='bbox 216 558 292 618; x_wconf 89' lang='lat' dir='ltr'>sunt</span> <span class='ocrx_word' id='word_1_22' title='bbox 313 556 416 620; x_wconf 90' lang='lat' dir='ltr'>relata</span> <span class='ocrx_word' id='word_1_23' title='bbox 438 555 588 622; x_wconf 80' lang='lat' dir='ltr'>Antonii:</span> <span class='ocrx_word' id='word_1_24' title='bbox 610 578 662 622; x_wconf 89' lang='lat' dir='ltr'>res</span> <span class='ocrx_word' id='word_1_25' title='bbox 684 557 767 624; x_wconf 87' lang='lat' dir='ltr'>hene</span> <span class='ocrx_word' id='word_1_26' title='bbox 791 561 883 644; x_wconf 84' lang='lat' dir='ltr'>gesta</span> <span class='ocrx_word' id='word_1_27' title='bbox 905 563 964 625; x_wconf 87' lang='lat' dir='ltr'>est.</span> <span class='ocrx_word' id='word_1_28' title='bbox 999 557 1039 626; x_wconf 84' lang='lat' dir='ltr'>A.</span> <span class='ocrx_word' id='word_1_29' title='bbox 1062 559 1092 624; x_wconf 84' lang='lat' dir='ltr'>d.</span> 
     </span>
     <span class='ocr_line' id='line_1_5' title="bbox 129 642 579 710; baseline 0.009 -6"><span class='ocrx_word' id='word_1_30' title='bbox 129 655 207 704; x_wconf 81' lang='lat' dir='ltr'>xvr.</span> <span class='ocrx_word' id='word_1_31' title='bbox 227 642 268 708; x_wconf 81' lang='lat' dir='ltr'>K.</span> <span class='ocrx_word' id='word_1_32' title='bbox 290 642 366 709; x_wconf 84' lang='lat' dir='ltr'>Mai.</span> <span class='ocrx_word' id='word_1_33' title='bbox 389 665 429 710; x_wconf 85' lang='lat' dir='ltr'>ex</span> <span class='ocrx_word' id='word_1_34' title='bbox 456 645 579 710; x_wconf 86' lang='lat' dir='ltr'>castris.</span> 
     </span>
    </p>
   </div>
   <div class='ocr_carea' id='block_1_3' title="bbox 549 775 670 888">
    <p class='ocr_par' dir='ltr' id='par_1_3' title="bbox 549 775 670 888">
     <span class='ocr_line' id='line_1_6' title="bbox 549 775 670 888; baseline 0 0"><span class='ocrx_word' id='word_1_35' title='bbox 549 775 670 888; x_wconf 72' lang='lat' dir='ltr'>xxxi.</span> 
     </span>
    </p>
   </div>
   <div class='ocr_carea' id='block_1_4' title="bbox 237 931 990 1005">
    <p class='ocr_par' dir='ltr' id='par_1_4' title="bbox 237 931 990 1005">
     <span class='ocr_line' id='line_1_7' title="bbox 237 931 990 1005; baseline 0.005 -17"><span class='ocrx_word' id='word_1_36' title='bbox 237 932 294 988; x_wconf 77' lang='lat' dir='ltr'>Sor.</span> <span class='ocrx_word' id='word_1_37' title='bbox 314 931 459 988; x_wconf 83' lang='lat' dir='ltr'>Cordubae</span> <span class='ocrx_word' id='word_1_38' title='bbox 478 931 565 988; x_wconf 86' lang='lat' dir='ltr'>XVII.</span> <span class='ocrx_word' id='word_1_39' title='bbox 584 934 646 990; x_wconf 87' lang='lat' dir='ltr'>Kal.</span> <span class='ocrx_word' id='word_1_40' title='bbox 666 935 778 1005; x_wconf 79' lang='lat' dir='ltr'>Apriles</span> <span class='ocrx_word' id='word_1_41' title='bbox 797 951 821 990; x_wconf 85' lang='lat' dir='ltr'>a</span> <span class='ocrx_word' id='word_1_42' title='bbox 840 954 867 990; x_wconf 90' lang='grc' dir='ltr'>ιι.</span> <span class='ocrx_word' id='word_1_43' title='bbox 885 951 910 992; x_wconf 85' lang='lat' dir='ltr'>c.</span> <span class='ocrx_word' id='word_1_44' title='bbox 929 942 990 992; x_wconf 72' lang='lat'><strong>⁷11.</strong></span> 
     </span>
    </p>
   </div>
   <div class='ocr_carea' id='block_1_5' title="bbox 178 1055 1048 1122">
    <p class='ocr_par' dir='ltr' id='par_1_5' title="bbox 178 1055 1048 1122">
     <span class='ocr_line' id='line_1_8' title="bbox 178 1055 1048 1122; baseline 0.003 -11"><span class='ocrx_word' id='word_1_45' title='bbox 178 1055 207 1111; x_wconf 84' lang='lat' dir='ltr'>C.</span> <span class='ocrx_word' id='word_1_46' title='bbox 229 1057 374 1114; x_wconf 85' lang='lat' dir='ltr'>ASINIUS</span> <span class='ocrx_word' id='word_1_47' title='bbox 397 1057 529 1114; x_wconf 82' lang='lat' dir='ltr'>POLLIO</span> <span class='ocrx_word' id='word_1_48' title='bbox 551 1059 589 1113; x_wconf 85' lang='lat' dir='ltr'>M.</span> <span class='ocrx_word' id='word_1_49' title='bbox 613 1058 747 1122; x_wconf 78' lang='lat' dir='ltr'>TULLIO</span> <span class='ocrx_word' id='word_1_50' title='bbox 771 1057 941 1114; x_wconf 81' lang='lat' dir='ltr'>CICERONI</span> <span class='ocrx_word' id='word_1_51' title='bbox 965 1059 992 1116; x_wconf 75' lang='lat' dir='ltr'>S.</span> <span class='ocrx_word' id='word_1_52' title='bbox 1015 1058 1048 1116; x_wconf 90' lang='lat' dir='ltr'>D.</span> 
     </span>
    </p>
   </div>
   <div class='ocr_carea' id='block_1_6' title="bbox 130 1157 1127 2130">
    <p class='ocr_par' dir='ltr' id='par_1_6' title="bbox 130 1157 1127 2130">
     <span class='ocr_line' id='line_1_9' title="bbox 200 1157 1123 1225; baseline -0.002 -3"><span class='ocrx_word' id='word_1_53' title='bbox 200 1157 334 1224; x_wconf 87' lang='lat' dir='ltr'>Minime</span> <span class='ocrx_word' id='word_1_54' title='bbox 356 1160 475 1224; x_wconf 90' lang='lat' dir='ltr'>mirum</span> <span class='ocrx_word' id='word_1_55' title='bbox 497 1159 558 1224; x_wconf 87' lang='lat' dir='ltr'>tibi</span> <span class='ocrx_word' id='word_1_56' title='bbox 585 1159 681 1224; x_wconf 83' lang='lat' dir='ltr'>debet</span> <span class='ocrx_word' id='word_1_57' title='bbox 703 1159 803 1224; x_wconf 84' lang='lat' dir='ltr'>videri</span> <span class='ocrx_word' id='word_1_58' title='bbox 830 1159 912 1224; x_wconf 91' lang='lat' dir='ltr'>nihil</span> <span class='ocrx_word' id='word_1_59' title='bbox 941 1181 992 1225; x_wconf 89' lang='lat' dir='ltr'>me</span> <span class='ocrx_word' id='word_1_60' title='bbox 1015 1160 1123 1224; x_wconf 87' lang='lat' dir='ltr'>scri-1</span> 
     </span>
     <span class='ocr_line' id='line_1_10' title="bbox 130 1247 1091 1332; baseline 0.002 -21"><span class='ocrx_word' id='word_1_61' title='bbox 130 1247 236 1332; x_wconf 87' lang='lat' dir='ltr'>psisse</span> <span class='ocrx_word' id='word_1_62' title='bbox 259 1247 297 1312; x_wconf 89' lang='lat' dir='ltr'>de</span> <span class='ocrx_word' id='word_1_63' title='bbox 320 1248 511 1332; x_wconf 85' lang='lat' dir='ltr'>republica,</span> <span class='ocrx_word' id='word_1_64' title='bbox 533 1251 745 1332; x_wconf 77' lang='lat' dir='ltr'>posteaquem</span> <span class='ocrx_word' id='word_1_65' title='bbox 762 1248 844 1312; x_wconf 89' lang='lat' dir='ltr'>itum</span> <span class='ocrx_word' id='word_1_66' title='bbox 863 1250 913 1312; x_wconf 87' lang='lat' dir='ltr'>cst</span> <span class='ocrx_word' id='word_1_67' title='bbox 930 1248 971 1313; x_wconf 88' lang='lat' dir='ltr'>ad</span> <span class='ocrx_word' id='word_1_68' title='bbox 990 1269 1091 1332; x_wconf 82' lang='lat' dir='ltr'>arma3</span> 
     </span>
     <span class='ocr_line' id='line_1_11' title="bbox 131 1333 1091 1422; baseline 0.002 -22"><span class='ocrx_word' id='word_1_69' title='bbox 131 1357 211 1400; x_wconf 87' lang='lat' dir='ltr'>nam</span> <span class='ocrx_word' id='word_1_70' title='bbox 228 1337 331 1402; x_wconf 87' lang='lat' dir='ltr'>saltus</span> <span class='ocrx_word' id='word_1_71' title='bbox 350 1333 603 1422; x_wconf 72' lang='lat' dir='ltr'>Castulonensis,</span> <span class='ocrx_word' id='word_1_72' title='bbox 622 1337 677 1420; x_wconf 88' lang='lat' dir='ltr'>qui</span> <span class='ocrx_word' id='word_1_73' title='bbox 696 1357 821 1421; x_wconf 87' lang='lat' dir='ltr'>semper</span> <span class='ocrx_word' id='word_1_74' title='bbox 838 1336 945 1402; x_wconf 87' lang='lat' dir='ltr'>tenuit</span> <span class='ocrx_word' id='word_1_75' title='bbox 961 1341 1091 1402; x_wconf 88' lang='lat' dir='ltr'>nostros</span> 
     </span>
     <span class='ocr_line' id='line_1_12' title="bbox 131 1424 1091 1510; baseline 0.002 -22"><span class='ocrx_word' id='word_1_76' title='bbox 131 1425 334 1510; x_wconf 87' lang='lat' dir='ltr'>tabellarios,</span> <span class='ocrx_word' id='word_1_77' title='bbox 356 1425 418 1490; x_wconf 88' lang='lat' dir='ltr'>etsi</span> <span class='ocrx_word' id='word_1_78' title='bbox 437 1447 526 1490; x_wconf 92' lang='lat' dir='ltr'>nunc</span> <span class='ocrx_word' id='word_1_79' title='bbox 547 1424 819 1510; x_wconf 81' lang='lat' dir='ltr'>frequentioribus</span> <span class='ocrx_word' id='word_1_80' title='bbox 841 1425 1020 1490; x_wconf 88' lang='lat' dir='ltr'>latrociniis</span> <span class='ocrx_word' id='word_1_81' title='bbox 1042 1426 1091 1490; x_wconf 92' lang='lat' dir='ltr'>in·</span> 
     </span>
     <span class='ocr_line' id='line_1_13' title="bbox 131 1513 1091 1599; baseline 0.003 -22"><span class='ocrx_word' id='word_1_82' title='bbox 131 1513 247 1578; x_wconf 84' lang='lat' dir='ltr'>festior</span> <span class='ocrx_word' id='word_1_83' title='bbox 259 1513 365 1579; x_wconf 81' lang='lat' dir='ltr'>factus</span> <span class='ocrx_word' id='word_1_84' title='bbox 380 1516 556 1598; x_wconf 69' lang='lat' dir='ltr'>esttamen</span> <span class='ocrx_word' id='word_1_85' title='bbox 565 1535 770 1599; x_wconf 86' lang='lat' dir='ltr'>nequaquam</span> <span class='ocrx_word' id='word_1_86' title='bbox 782 1517 876 1580; x_wconf 87' lang='lat' dir='ltr'>tanta</span> <span class='ocrx_word' id='word_1_87' title='bbox 888 1513 925 1578; x_wconf 92' lang='lat' dir='ltr'>in</span> <span class='ocrx_word' id='word_1_88' title='bbox 933 1535 1025 1578; x_wconf 88' lang='lat' dir='ltr'>mora</span> <span class='ocrx_word' id='word_1_89' title='bbox 1034 1518 1091 1598; x_wconf 88' lang='lat' dir='ltr'>est,</span> 
     </span>
     <span class='ocr_line' id='line_1_14' title="bbox 132 1602 1091 1687; baseline 0.003 -22"><span class='ocrx_word' id='word_1_90' title='bbox 132 1604 256 1685; x_wconf 88' lang='lat' dir='ltr'>quanta</span> <span class='ocrx_word' id='word_1_91' title='bbox 274 1602 330 1686; x_wconf 91' lang='lat' dir='ltr'>qui</span> <span class='ocrx_word' id='word_1_92' title='bbox 351 1603 431 1668; x_wconf 90' lang='lat' dir='ltr'>locis</span> <span class='ocrx_word' id='word_1_93' title='bbox 450 1603 600 1669; x_wconf 90' lang='lat' dir='ltr'>omnibus</span> <span class='ocrx_word' id='word_1_94' title='bbox 618 1603 767 1687; x_wconf 86' lang='lat' dir='ltr'>dispositi</span> <span class='ocrx_word' id='word_1_95' title='bbox 785 1602 827 1667; x_wconf 93' lang='lat' dir='ltr'>ab</span> <span class='ocrx_word' id='word_1_96' title='bbox 845 1605 981 1686; x_wconf 88' lang='lat' dir='ltr'>utraque</span> <span class='ocrx_word' id='word_1_97' title='bbox 999 1607 1091 1687; x_wconf 87' lang='lat' dir='ltr'>parte</span> 
     </span>
     <span class='ocr_line' id='line_1_15' title="bbox 133 1691 1091 1776; baseline 0 -20"><span class='ocrx_word' id='word_1_98' title='bbox 133 1694 320 1756; x_wconf 85' lang='lat' dir='ltr'>scrutantur</span> <span class='ocrx_word' id='word_1_99' title='bbox 341 1691 527 1760; x_wconf 88' lang='lat' dir='ltr'>tabellarios</span> <span class='ocrx_word' id='word_1_100' title='bbox 552 1696 585 1757; x_wconf 83' lang='lat' dir='ltr'>ct</span> <span class='ocrx_word' id='word_1_101' title='bbox 605 1692 762 1774; x_wconf 68' lang='lat' dir='ltr'>retinent,</span> <span class='ocrx_word' id='word_1_102' title='bbox 783 1692 902 1776; x_wconf 91' lang='lat' dir='ltr'>itaque,</span> <span class='ocrx_word' id='word_1_103' title='bbox 924 1691 988 1758; x_wconf 87' lang='lat' dir='ltr'>nisi</span> <span class='ocrx_word' id='word_1_104' title='bbox 1008 1713 1091 1756; x_wconf 84' lang='lat' dir='ltr'>nave</span> 
     </span>
     <span class='ocr_line' id='line_1_16' title="bbox 131 1779 1092 1866; baseline 0.002 -23"><span class='ocrx_word' id='word_1_105' title='bbox 131 1780 276 1864; x_wconf 87' lang='lat' dir='ltr'>perlatae</span> <span class='ocrx_word' id='word_1_106' title='bbox 293 1780 420 1846; x_wconf 88' lang='lat' dir='ltr'>litterae</span> <span class='ocrx_word' id='word_1_107' title='bbox 438 1784 556 1866; x_wconf 86' lang='lat' dir='ltr'>essent,</span> <span class='ocrx_word' id='word_1_108' title='bbox 579 1781 711 1846; x_wconf 90' lang='lat' dir='ltr'>omnino</span> <span class='ocrx_word' id='word_1_109' title='bbox 730 1781 896 1864; x_wconf 83' lang='lat' dir='ltr'>nescirem,</span> <span class='ocrx_word' id='word_1_110' title='bbox 919 1779 997 1863; x_wconf 86' lang='lat' dir='ltr'>quid</span> <span class='ocrx_word' id='word_1_111' title='bbox 1018 1781 1092 1845; x_wconf 89' lang='lat' dir='ltr'>istic</span> 
     </span>
     <span class='ocr_line' id='line_1_17' title="bbox 131 1867 1092 1952; baseline 0.001 -20"><span class='ocrx_word' id='word_1_112' title='bbox 131 1867 233 1933; x_wconf 86' lang='lat' dir='ltr'>fieret.</span> <span class='ocrx_word' id='word_1_113' title='bbox 277 1867 374 1934; x_wconf 89' lang='lat' dir='ltr'>Nunc</span> <span class='ocrx_word' id='word_1_114' title='bbox 396 1891 472 1935; x_wconf 83' lang='lat' dir='ltr'>uero</span> <span class='ocrx_word' id='word_1_115' title='bbox 495 1873 611 1935; x_wconf 88' lang='lat' dir='ltr'>nactus</span> <span class='ocrx_word' id='word_1_116' title='bbox 639 1869 853 1952; x_wconf 83' lang='lat' dir='ltr'>occasionem,</span> <span class='ocrx_word' id='word_1_117' title='bbox 880 1873 1092 1952; x_wconf 90' lang='lat' dir='ltr'>posteaquam</span> 
     </span>
     <span class='ocr_line' id='line_1_18' title="bbox 132 1957 1090 2043; baseline 0 -21"><span class='ocrx_word' id='word_1_118' title='bbox 132 1957 280 2042; x_wconf 79' lang='lat' dir='ltr'>navigari</span> <span class='ocrx_word' id='word_1_119' title='bbox 304 1961 454 2042; x_wconf 88' lang='lat' dir='ltr'>coeptum</span> <span class='ocrx_word' id='word_1_120' title='bbox 477 1962 538 2043; x_wconf 82' lang='lat' dir='ltr'>cst,</span> <span class='ocrx_word' id='word_1_121' title='bbox 566 1957 770 2042; x_wconf 87' lang='lat' dir='ltr'>cupidissime</span> <span class='ocrx_word' id='word_1_122' title='bbox 793 1960 826 2022; x_wconf 88' lang='lat' dir='ltr'>et</span> <span class='ocrx_word' id='word_1_123' title='bbox 849 1978 945 2041; x_wconf 91' lang='lat' dir='ltr'>quam</span> <span class='ocrx_word' id='word_1_124' title='bbox 969 1957 1090 2022; x_wconf 84' lang='lat' dir='ltr'>creber·</span> 
     </span>
     <span class='ocr_line' id='line_1_19' title="bbox 131 2044 1127 2130; baseline 0.001 -20"><span class='ocrx_word' id='word_1_125' title='bbox 131 2045 213 2110; x_wconf 87' lang='lat' dir='ltr'>rime</span> <span class='ocrx_word' id='word_1_126' title='bbox 240 2049 353 2130; x_wconf 87' lang='lat' dir='ltr'>potero</span> <span class='ocrx_word' id='word_1_127' title='bbox 381 2047 519 2112; x_wconf 88' lang='lat' dir='ltr'>scribam</span> <span class='ocrx_word' id='word_1_128' title='bbox 546 2046 587 2110; x_wconf 88' lang='lat' dir='ltr'>ad</span> <span class='ocrx_word' id='word_1_129' title='bbox 613 2049 655 2111; x_wconf 90' lang='lat' dir='ltr'>te.</span> <span class='ocrx_word' id='word_1_130' title='bbox 699 2044 750 2112; x_wconf 88' lang='lat' dir='ltr'>Ne</span> <span class='ocrx_word' id='word_1_131' title='bbox 773 2067 904 2111; x_wconf 79' lang='lat' dir='ltr'>movear</span> <span class='ocrx_word' id='word_1_132' title='bbox 931 2045 999 2110; x_wconf 87' lang='lat' dir='ltr'>eius</span> <span class='ocrx_word' id='word_1_133' title='bbox 1028 2061 1127 2111; x_wconf 78' lang='lat' dir='ltr'>ser-2</span> 
     </span>
    </p>
   </div>
   <div class='ocr_carea' id='block_1_7' title="bbox 132 2134 1218 2220">
    <p class='ocr_par' dir='ltr' id='par_1_7' title="bbox 132 2134 1218 2220">
     <span class='ocr_line' id='line_1_20' title="bbox 132 2134 1218 2220; baseline 0.003 -22"><span class='ocrx_word' id='word_1_134' title='bbox 132 2134 298 2220; x_wconf 89' lang='lat' dir='ltr'>monibus,</span> <span class='ocrx_word' id='word_1_135' title='bbox 327 2157 423 2219; x_wconf 85' lang='lat' dir='ltr'>quem</span> <span class='ocrx_word' id='word_1_136' title='bbox 449 2135 579 2200; x_wconf 89' lang='lat' dir='ltr'>tametsi</span> <span class='ocrx_word' id='word_1_137' title='bbox 606 2156 701 2200; x_wconf 89' lang='lat' dir='ltr'>nemo</span> <span class='ocrx_word' id='word_1_138' title='bbox 725 2137 775 2198; x_wconf 88' lang='lat' dir='ltr'>est</span> <span class='ocrx_word' id='word_1_139' title='bbox 796 2135 852 2218; x_wconf 91' lang='lat' dir='ltr'>qui</span> <span class='ocrx_word' id='word_1_140' title='bbox 874 2134 981 2198; x_wconf 83' lang='lat' dir='ltr'>uidere</span> <span class='ocrx_word' id='word_1_141' title='bbox 1004 2134 1091 2219; x_wconf 83' lang='lat' dir='ltr'>velit,</span> <span class='ocrx_word' id='word_1_142' title='bbox 1216 2156 1218 2161; x_wconf 88' lang='lat'>·</span> 
     </span>
    </p>
   </div>
   <div class='ocr_carea' id='block_1_8' title="bbox 130 2222 1124 3374">
    <p class='ocr_par' dir='ltr' id='par_1_8' title="bbox 130 2222 1124 3374">
     <span class='ocr_line' id='line_1_21' title="bbox 130 2222 1092 2308; baseline 0 -21"><span class='ocrx_word' id='word_1_143' title='bbox 130 2227 244 2288; x_wconf 88' lang='lat' dir='ltr'>tamen</span> <span class='ocrx_word' id='word_1_144' title='bbox 265 2245 470 2308; x_wconf 89' lang='lat' dir='ltr'>nequaquam</span> <span class='ocrx_word' id='word_1_145' title='bbox 492 2223 641 2308; x_wconf 86' lang='lat' dir='ltr'>proinde,</span> <span class='ocrx_word' id='word_1_146' title='bbox 663 2243 701 2288; x_wconf 91' lang='lat' dir='ltr'>ac</span> <span class='ocrx_word' id='word_1_147' title='bbox 724 2222 841 2308; x_wconf 83' lang='lat' dir='ltr'>dignus</span> <span class='ocrx_word' id='word_1_148' title='bbox 865 2226 927 2306; x_wconf 90' lang='lat' dir='ltr'>est,</span> <span class='ocrx_word' id='word_1_149' title='bbox 954 2223 1092 2288; x_wconf 89' lang='lat' dir='ltr'>oderunt</span> 
     </span>
     <span class='ocr_line' id='line_1_22' title="bbox 131 2311 1122 2397; baseline 0 -21"><span class='ocrx_word' id='word_1_150' title='bbox 131 2311 292 2397; x_wconf 89' lang='lat' dir='ltr'>homines,</span> <span class='ocrx_word' id='word_1_151' title='bbox 313 2313 491 2397; x_wconf 89' lang='lat' dir='ltr'>periculum</span> <span class='ocrx_word' id='word_1_152' title='bbox 513 2333 581 2378; x_wconf 89' lang='lat' dir='ltr'>non</span> <span class='ocrx_word' id='word_1_153' title='bbox 603 2314 666 2395; x_wconf 79' lang='lat' dir='ltr'>est3</span> <span class='ocrx_word' id='word_1_154' title='bbox 689 2311 769 2376; x_wconf 87' lang='lat' dir='ltr'>adeo</span> <span class='ocrx_word' id='word_1_155' title='bbox 793 2315 843 2376; x_wconf 87' lang='lat' dir='ltr'>est</span> <span class='ocrx_word' id='word_1_156' title='bbox 864 2312 950 2376; x_wconf 90' lang='lat' dir='ltr'>enim</span> <span class='ocrx_word' id='word_1_157' title='bbox 967 2312 1091 2377; x_wconf 77' lang='lat' dir='ltr'>inuisus</span> <span class='ocrx_word' id='word_1_158' title='bbox 1118 2341 1122 2350; x_wconf 77' lang='lat'>=</span> 
     </span>
     <span class='ocr_line' id='line_1_23' title="bbox 132 2399 1090 2485; baseline 0 -21"><span class='ocrx_word' id='word_1_159' title='bbox 132 2400 223 2484; x_wconf 90' lang='lat' dir='ltr'>mihi,</span> <span class='ocrx_word' id='word_1_160' title='bbox 245 2404 283 2466; x_wconf 95' lang='lat' dir='ltr'>ut</span> <span class='ocrx_word' id='word_1_161' title='bbox 303 2401 386 2466; x_wconf 90' lang='lat' dir='ltr'>nihil</span> <span class='ocrx_word' id='word_1_162' title='bbox 408 2422 476 2466; x_wconf 89' lang='lat' dir='ltr'>non</span> <span class='ocrx_word' id='word_1_163' title='bbox 499 2401 650 2466; x_wconf 89' lang='lat' dir='ltr'>acerbum</span> <span class='ocrx_word' id='word_1_164' title='bbox 672 2403 793 2485; x_wconf 87' lang='lat' dir='ltr'>putem,</span> <span class='ocrx_word' id='word_1_165' title='bbox 815 2399 901 2484; x_wconf 90' lang='lat' dir='ltr'>quod</span> <span class='ocrx_word' id='word_1_166' title='bbox 922 2421 1090 2465; x_wconf 87' lang='lat' dir='ltr'>commune</span> 
     </span>
     <span class='ocr_line' id='line_1_24' title="bbox 132 2488 1091 2572; baseline -0.002 -18"><span class='ocrx_word' id='word_1_167' title='bbox 132 2510 207 2554; x_wconf 89' lang='lat' dir='ltr'>cum</span> <span class='ocrx_word' id='word_1_168' title='bbox 229 2490 286 2555; x_wconf 90' lang='lat' dir='ltr'>illo</span> <span class='ocrx_word' id='word_1_169' title='bbox 309 2490 364 2572; x_wconf 80' lang='lat' dir='ltr'>sit3</span> <span class='ocrx_word' id='word_1_170' title='bbox 391 2492 509 2554; x_wconf 87' lang='lat' dir='ltr'>natura</span> <span class='ocrx_word' id='word_1_171' title='bbox 536 2493 645 2554; x_wconf 87' lang='lat' dir='ltr'>autem</span> <span class='ocrx_word' id='word_1_172' title='bbox 667 2510 739 2554; x_wconf 91' lang='lat' dir='ltr'>mea</span> <span class='ocrx_word' id='word_1_173' title='bbox 766 2491 799 2552; x_wconf 92' lang='lat' dir='ltr'>et</span> <span class='ocrx_word' id='word_1_174' title='bbox 822 2488 929 2553; x_wconf 88' lang='lat' dir='ltr'>studia</span> <span class='ocrx_word' id='word_1_175' title='bbox 955 2488 1091 2552; x_wconf 86' lang='lat' dir='ltr'>trahunt</span> 
     </span>
     <span class='ocr_line' id='line_1_25' title="bbox 132 2576 1090 2662; baseline 0 -22"><span class='ocrx_word' id='word_1_176' title='bbox 132 2598 185 2641; x_wconf 90' lang='lat' dir='ltr'>me</span> <span class='ocrx_word' id='word_1_177' title='bbox 208 2577 248 2642; x_wconf 89' lang='lat' dir='ltr'>ad</span> <span class='ocrx_word' id='word_1_178' title='bbox 271 2577 360 2662; x_wconf 89' lang='lat' dir='ltr'>pacis</span> <span class='ocrx_word' id='word_1_179' title='bbox 384 2581 417 2643; x_wconf 83' lang='lat' dir='ltr'>et</span> <span class='ocrx_word' id='word_1_180' title='bbox 438 2578 597 2643; x_wconf 89' lang='lat' dir='ltr'>libertatis</span> <span class='ocrx_word' id='word_1_181' title='bbox 621 2578 838 2662; x_wconf 90' lang='lat' dir='ltr'>cupiditatem.</span> <span class='ocrx_word' id='word_1_182' title='bbox 874 2576 987 2660; x_wconf 85' lang='lat' dir='ltr'>ltaque</span> <span class='ocrx_word' id='word_1_183' title='bbox 1010 2577 1090 2641; x_wconf 90' lang='lat' dir='ltr'>illud</span> 
     </span>
     <span class='ocr_line' id='line_1_26' title="bbox 131 2665 1090 2751; baseline 0.001 -23"><span class='ocrx_word' id='word_1_184' title='bbox 131 2665 261 2730; x_wconf 89' lang='lat' dir='ltr'>initium</span> <span class='ocrx_word' id='word_1_185' title='bbox 284 2667 386 2732; x_wconf 86' lang='lat' dir='ltr'>civilis</span> <span class='ocrx_word' id='word_1_186' title='bbox 413 2667 491 2732; x_wconf 90' lang='lat' dir='ltr'>belli</span> <span class='ocrx_word' id='word_1_187' title='bbox 520 2687 615 2751; x_wconf 89' lang='lat' dir='ltr'>saepe</span> <span class='ocrx_word' id='word_1_188' title='bbox 639 2665 765 2749; x_wconf 80' lang='lat' dir='ltr'>deflevi3</span> <span class='ocrx_word' id='word_1_189' title='bbox 794 2687 892 2750; x_wconf 90' lang='lat' dir='ltr'>quum</span> <span class='ocrx_word' id='word_1_190' title='bbox 919 2686 995 2730; x_wconf 86' lang='lat' dir='ltr'>vero</span> <span class='ocrx_word' id='word_1_191' title='bbox 1023 2687 1090 2730; x_wconf 90' lang='lat' dir='ltr'>non</span> 
     </span>
     <span class='ocr_line' id='line_1_27' title="bbox 131 2753 1090 2840; baseline -0.001 -21"><span class='ocrx_word' id='word_1_192' title='bbox 131 2754 244 2819; x_wconf 87' lang='lat' dir='ltr'>liceret</span> <span class='ocrx_word' id='word_1_193' title='bbox 266 2755 347 2820; x_wconf 89' lang='lat' dir='ltr'>mihi</span> <span class='ocrx_word' id='word_1_194' title='bbox 369 2755 490 2822; x_wconf 87' lang='lat' dir='ltr'>nullius</span> <span class='ocrx_word' id='word_1_195' title='bbox 512 2756 614 2840; x_wconf 85' lang='lat' dir='ltr'>partis</span> <span class='ocrx_word' id='word_1_196' title='bbox 637 2776 716 2838; x_wconf 86' lang='lat' dir='ltr'>esse,</span> <span class='ocrx_word' id='word_1_197' title='bbox 739 2754 815 2838; x_wconf 91' lang='lat' dir='ltr'>quia</span> <span class='ocrx_word' id='word_1_198' title='bbox 832 2753 1005 2836; x_wconf 87' lang='lat' dir='ltr'>utrubique</span> <span class='ocrx_word' id='word_1_199' title='bbox 1024 2775 1090 2818; x_wconf 91' lang='lat' dir='ltr'>ma·</span> 
     </span>
     <span class='ocr_line' id='line_1_28' title="bbox 132 2841 1090 2928; baseline -0.001 -20"><span class='ocrx_word' id='word_1_200' title='bbox 132 2864 216 2928; x_wconf 80' lang='lat' dir='ltr'>gnos</span> <span class='ocrx_word' id='word_1_201' title='bbox 238 2843 386 2911; x_wconf 86' lang='lat' dir='ltr'>inimicos</span> <span class='ocrx_word' id='word_1_202' title='bbox 413 2844 587 2928; x_wconf 89' lang='lat' dir='ltr'>habebam,</span> <span class='ocrx_word' id='word_1_203' title='bbox 614 2865 653 2908; x_wconf 92' lang='lat' dir='ltr'>ea</span> <span class='ocrx_word' id='word_1_204' title='bbox 675 2847 781 2908; x_wconf 89' lang='lat' dir='ltr'>castra</span> <span class='ocrx_word' id='word_1_205' title='bbox 803 2842 887 2927; x_wconf 80' lang='lat' dir='ltr'>fugi,</span> <span class='ocrx_word' id='word_1_206' title='bbox 915 2842 951 2906; x_wconf 91' lang='lat' dir='ltr'>in</span> <span class='ocrx_word' id='word_1_207' title='bbox 973 2841 1090 2925; x_wconf 88' lang='lat' dir='ltr'>quibus</span> 
     </span>
     <span class='ocr_line' id='line_1_29' title="bbox 130 2929 1090 3016; baseline -0.001 -21"><span class='ocrx_word' id='word_1_208' title='bbox 130 2931 228 3016; x_wconf 83' lang='lat' dir='ltr'>plane</span> <span class='ocrx_word' id='word_1_209' title='bbox 259 2935 368 2998; x_wconf 87' lang='lat' dir='ltr'>tutum</span> <span class='ocrx_word' id='word_1_210' title='bbox 394 2954 445 2998; x_wconf 91' lang='lat' dir='ltr'>me</span> <span class='ocrx_word' id='word_1_211' title='bbox 478 2933 519 2996; x_wconf 92' lang='lat' dir='ltr'>ab</span> <span class='ocrx_word' id='word_1_212' title='bbox 549 2932 674 2997; x_wconf 88' lang='lat' dir='ltr'>insidiis</span> <span class='ocrx_word' id='word_1_213' title='bbox 701 2930 823 2995; x_wconf 91' lang='lat' dir='ltr'>inimici</span> <span class='ocrx_word' id='word_1_214' title='bbox 851 2929 991 2995; x_wconf 87' lang='lat' dir='ltr'>sciebam</span> <span class='ocrx_word' id='word_1_215' title='bbox 1021 2951 1090 2995; x_wconf 93' lang='lat' dir='ltr'>non</span> 
     </span>
     <span class='ocr_line' id='line_1_30' title="bbox 130 3019 1089 3106; baseline -0.002 -22"><span class='ocrx_word' id='word_1_216' title='bbox 130 3020 292 3104; x_wconf 78' lang='lat' dir='ltr'>futurum3</span> <span class='ocrx_word' id='word_1_217' title='bbox 318 3023 502 3106; x_wconf 86' lang='lat' dir='ltr'>compulsus</span> <span class='ocrx_word' id='word_1_218' title='bbox 530 3043 582 3104; x_wconf 95' lang='lat' dir='ltr'>eo,</span> <span class='ocrx_word' id='word_1_219' title='bbox 610 3042 673 3105; x_wconf 92' lang='lat' dir='ltr'>quo</span> <span class='ocrx_word' id='word_1_220' title='bbox 701 3019 832 3084; x_wconf 90' lang='lat' dir='ltr'>minime</span> <span class='ocrx_word' id='word_1_221' title='bbox 860 3019 1022 3102; x_wconf 80' lang='lat' dir='ltr'>volebam,</span> <span class='ocrx_word' id='word_1_222' title='bbox 1048 3039 1089 3082; x_wconf 87' lang='lat' dir='ltr'>ne</span> 
     </span>
     <span class='ocr_line' id='line_1_31' title="bbox 130 3106 1090 3196; baseline -0.006 -22"><span class='ocrx_word' id='word_1_223' title='bbox 130 3110 168 3174; x_wconf 88' lang='lat' dir='ltr'>in</span> <span class='ocrx_word' id='word_1_224' title='bbox 190 3110 339 3174; x_wconf 85' lang='lat' dir='ltr'>extremis</span> <span class='ocrx_word' id='word_1_225' title='bbox 363 3131 466 3176; x_wconf 90' lang='lat' dir='ltr'>essem</span> <span class='ocrx_word' id='word_1_226' title='bbox 491 3106 627 3196; x_wconf 82' lang='lat' dir='ltr'>[plane],</span> <span class='ocrx_word' id='word_1_227' title='bbox 649 3108 792 3192; x_wconf 86' lang='lat' dir='ltr'>pericula</span> <span class='ocrx_word' id='word_1_228' title='bbox 814 3129 882 3172; x_wconf 92' lang='lat' dir='ltr'>non</span> <span class='ocrx_word' id='word_1_229' title='bbox 905 3107 1090 3171; x_wconf 90' lang='lat' dir='ltr'>dubitanter</span> 
     </span>
     <span class='ocr_line' id='line_1_32' title="bbox 131 3196 1124 3283; baseline -0.007 -20"><span class='ocrx_word' id='word_1_230' title='bbox 131 3197 206 3263; x_wconf 84' lang='lat' dir='ltr'>adii.</span> <span class='ocrx_word' id='word_1_231' title='bbox 251 3197 422 3264; x_wconf 80' lang='lat' dir='ltr'>Caesarem</span> <span class='ocrx_word' id='word_1_232' title='bbox 448 3220 539 3280; x_wconf 81' lang='lat' dir='ltr'>vero,</span> <span class='ocrx_word' id='word_1_233' title='bbox 570 3198 656 3283; x_wconf 88' lang='lat' dir='ltr'>quod</span> <span class='ocrx_word' id='word_1_234' title='bbox 687 3218 738 3262; x_wconf 90' lang='lat' dir='ltr'>me</span> <span class='ocrx_word' id='word_1_235' title='bbox 771 3197 806 3263; x_wconf 89' lang='lat' dir='ltr'>in</span> <span class='ocrx_word' id='word_1_236' title='bbox 836 3199 930 3260; x_wconf 90' lang='lat' dir='ltr'>tanta</span> <span class='ocrx_word' id='word_1_237' title='bbox 957 3196 1124 3259; x_wconf 77' lang='lat' dir='ltr'>fortunae</span> 
     </span>
     <span class='ocr_line' id='line_1_33' title="bbox 130 3282 1088 3374; baseline -0.004 -24"><span class='ocrx_word' id='word_1_238' title='bbox 130 3286 227 3352; x_wconf 89' lang='lat' dir='ltr'>modo</span> <span class='ocrx_word' id='word_1_239' title='bbox 259 3289 428 3374; x_wconf 82' lang='lat' dir='ltr'>cognitum</span> <span class='ocrx_word' id='word_1_240' title='bbox 460 3288 750 3353; x_wconf 79' lang='lat' dir='ltr'>vetustissimorum</span> <span class='ocrx_word' id='word_1_241' title='bbox 781 3284 989 3348; x_wconf 88' lang='lat' dir='ltr'>familiarium</span> <span class='ocrx_word' id='word_1_242' title='bbox 1017 3282 1088 3347; x_wconf 89' lang='lat' dir='ltr'>loco</span> 
     </span>
    </p>
   </div>
   <div class='ocr_carea' id='block_1_9' title="bbox 128 3415 1088 3656">
    <p class='ocr_par' dir='ltr' id='par_1_9' title="bbox 128 3415 1088 3656">
     <span class='ocr_line' id='line_1_34' title="bbox 202 3415 1088 3515; baseline -0.003 -18"><span class='ocrx_word' id='word_1_243' title='bbox 202 3443 254 3515; x_wconf 81' lang='lat' dir='ltr'>up.</span> <span class='ocrx_word' id='word_1_244' title='bbox 269 3451 311 3499; x_wconf 79' lang='lat' dir='ltr'>cr.</span> <span class='ocrx_word' id='word_1_245' title='bbox 337 3442 488 3499; x_wconf 68' lang='lat' dir='ltr'>sonmo</span> <span class='ocrx_word' id='word_1_246' title='bbox 508 3443 550 3497; x_wconf 82' lang='lat' dir='ltr'>M.</span> <span class='ocrx_word' id='word_1_247' title='bbox 568 3440 720 3497; x_wconf 74' lang='lat' dir='ltr'>sunnio</span> <span class='ocrx_word' id='word_1_248' title='bbox 739 3415 888 3507; x_wconf 56' lang='lat' dir='ltr'>oraru.</span> <span class='ocrx_word' id='word_1_249' title='bbox 903 3454 937 3494; x_wconf 69' lang='lat' dir='ltr'>ex</span> <span class='ocrx_word' id='word_1_250' title='bbox 950 3439 980 3492; x_wconf 84' lang='lat' dir='ltr'>a.</span> <span class='ocrx_word' id='word_1_251' title='bbox 997 3439 1088 3508; x_wconf 60' lang='lat' dir='ltr'>cona).</span> 
     </span>
     <span class='ocr_line' id='line_1_35' title="bbox 130 3509 1086 3586; baseline -0.006 -16"><span class='ocrx_word' id='word_1_252' title='bbox 130 3514 283 3570; x_wconf 87' lang='lat' dir='ltr'><strong><em>POLLIO</em></strong></span> <span class='ocrx_word' id='word_1_253' title='bbox 302 3515 375 3571; x_wconf 78' lang='lat'><em>010.</em></span> <span class='ocrx_word' id='word_1_254' title='bbox 394 3515 441 3582; x_wconf 69' lang='lat' dir='ltr'>M,</span> <span class='ocrx_word' id='word_1_255' title='bbox 455 3514 564 3586; x_wconf 79' lang='lat' dir='ltr'>vulgo·</span> <span class='ocrx_word' id='word_1_256' title='bbox 586 3519 610 3570; x_wconf 78' lang='lat'>2.</span> <span class='ocrx_word' id='word_1_257' title='bbox 639 3529 719 3586; x_wconf 80' lang='lat' dir='ltr'>essem</span> <span class='ocrx_word' id='word_1_258' title='bbox 738 3510 854 3584; x_wconf 54' lang='lat' dir='ltr'>Uolane}</span> <span class='ocrx_word' id='word_1_259' title='bbox 867 3510 994 3580; x_wconf 64' lang='lat' dir='ltr'>periculo</span> <span class='ocrx_word' id='word_1_260' title='bbox 1013 3509 1086 3580; x_wconf 90' lang='lat' dir='ltr'>(W.).</span> 
     </span>
     <span class='ocr_line' id='line_1_36' title="bbox 128 3586 684 3656; baseline -0.013 -13"><span class='ocrx_word' id='word_1_261' title='bbox 128 3605 159 3653; x_wconf 80' lang='lat' dir='ltr'>a,</span> <span class='ocrx_word' id='word_1_262' title='bbox 174 3587 260 3655; x_wconf 66' lang='lat' dir='ltr'>plaiae</span> <span class='ocrx_word' id='word_1_263' title='bbox 273 3603 304 3655; x_wconf 76' lang='lat' dir='ltr'>p.</span> <span class='ocrx_word' id='word_1_264' title='bbox 323 3587 370 3654; x_wconf 73' lang='lat' dir='ltr'>M,</span> <span class='ocrx_word' id='word_1_265' title='bbox 389 3586 482 3656; x_wconf 79' lang='lat' dir='ltr'>vulgo.</span> <span class='ocrx_word' id='word_1_266' title='bbox 682 3633 684 3636; x_wconf 86' lang='grc'><em>,</em></span> 
     </span>
    </p>
   </div>
   <div class='ocr_carea' id='block_1_10' title="bbox 0 0 1326 3988">
    <p class='ocr_par' dir='ltr' id='par_1_10' title="bbox 0 0 1326 3988">
     <span class='ocr_line' id='line_1_37' title="bbox 0 0 1326 3988; baseline 0 0"><span class='ocrx_word' id='word_1_267' title='bbox 0 0 1326 3988; x_wconf 95' lang='lat' dir='ltr'> </span> 
     </span>
    </p>
   </div>
  </div>
 </body>
</html>
