2578 3978
389 181 647 238 EPISTOLARUM
665 183 685 237 I.
704 191 729 238 9.
996 184 1038 248 29

24 351 26 356 ’
96 346 132 390 eo
148 328 337 390 commutato
357 348 420 410 quo
439 327 518 392 velis
536 330 646 392 tamen
664 327 841 410 pervenire,
864 327 918 410 sic,
940 348 1040 411 quum

97 414 233 478 omnibus
254 415 350 480 nobis
372 415 408 478 in
429 415 685 482 administranda
711 436 745 480 re
772 414 902 498 publica
923 437 1040 499 propo-

97 501 184 566 situm
204 523 273 566 esse
296 502 414 569 debeat
433 503 478 586 id,
500 504 585 588 qnod
604 525 624 566 a
640 523 691 568 me
710 502 896 586 saepissime
918 503 1040 570 dictam

96 593 147 672 est,
166 611 237 654 cum
258 590 418 675 dignitate
441 591 557 674 otium,
580 613 648 658 non
670 591 755 658 idem
777 613 904 674 semper
926 591 1040 676 dicere,

95 677 252 742 sedidem
278 698 405 764 semper
432 683 576 762 spectare
603 679 763 744 debemus.
816 677 1041 764 Quamobrem,

96 769 127 828 nt
144 768 252 850 paullo
274 772 351 832 ante
374 767 476 851 posui,
499 767 527 832 si
550 771 658 832 essent
679 767 789 834 omnia
810 767 891 833 mihi
912 769 1040 834 ¹solutis-

94 855 178 940 sima,
203 859 316 920 tamen
338 855 430 920 inre
452 855 582 940 publica
603 877 671 922 non
694 856 776 927 alius
796 877 927 940 essem,
944 859 1040 940 etque

95 964 280 1026 annosum,
307 966 406 1027 quum
431 965 508 1018 vero
535 944 571 1008 in
597 943 684 1008 hunc
704 966 837 1014 sensnm
859 947 893 1010 et
918 945 1041 1010 alliciar

95 1030 248 1096 benefieiis
270 1031 440 1098 hominum
463 1036 497 1096 et
517 1031 690 1116 compellar
709 1032 845 1114 iniuriis,
867 1033 962 1098 facile
984 1055 1040 1116 pe-

93 1120 148 1183 tior
172 1141 213 1184 ec
240 1143 294 1184 me
321 1121 360 1184 de
388 1141 422 1184 rc
451 1121 581 1204 publica
608 1121 726 1186 sentire
749 1141 787 1184 ae
814 1121 931 1204 dicere,
959 1141 1040 1203 quae

93 1209 219 1272 maxime
238 1230 340 1292 quum
360 1208 448 1292 mihi,
470 1212 541 1276 turn
559 1209 657 1272 etiam
674 1209 722 1274 rei
743 1209 892 1291 publicae
908 1208 1040 1275 rationi-

93 1295 142 1360 bus
162 1301 278 1380 putem
301 1296 492 1380 conducere,
519 1297 661 1380 apertius
683 1296 895 1363 autemhaee
917 1317 980 1381 ago
1003 1317 1041 1363 ac

93 1385 224 1468 saepius,
248 1385 335 1468 quod
357 1388 392 1448 et
413 1383 567 1468 Quintus,
588 1385 689 1450 freter
711 1405 815 1468 meus,
842 1385 969 1468 legatus
991 1388 1041 1450 est

92 1469 229 1536 Caesaris
258 1477 292 1536 et
322 1473 447 1546 nullum
467 1487 588 1538 meum
611 1472 781 1539 minimum
807 1472 943 1555 dictum,
973 1491 1042 1538 non

92 1561 177 1626 modo
196 1562 331 1643 factum,
352 1582 414 1643 pro
431 1557 568 1626 Caesare
585 1559 776 1643 intercessit,
797 1559 955 1643 quoditie
973 1581 1043 1624 non

91 1647 130 1712 ita
153 1649 275 1712 illustri
303 1649 409 1732 gratia
434 1648 609 1732 exceperit,
630 1651 675 1714 ‘ut
702 1669 763 1732 ego
790 1669 864 1712 eum
884 1647 966 1712 mihi
989 1648 1041 1712 de·

91 1736 227 1800 vinctum
251 1740 413 1818 putarem:
435 1736 545 1820 itaque
569 1737 636 1800 eius
656 1737 744 1800 omni
762 1739 795 1800 et
818 1736 937 1820 gratia,
960 1757 1041 1819 quae

92 1845 209 1890 summa
231 1827 293 1908 cst,
316 1828 348 1888 et
366 1825 491 1908 opibus,
514 1845 593 1909 quas
611 1823 767 1908 intelligis
786 1845 856 1888 csse
875 1823 1041 1908 maximas,

92 1911 130 1976 sic
150 1913 258 1996 fruor,
285 1915 323 1976 nt
345 1913 438 1995 meis,
465 1933 526 1978 nec
548 1912 628 1977 mihi
651 1912 744 1976 aliter
767 1912 909 1996 potuisse
931 1911 1042 1977 videor

91 1998 254 2064 hominum
275 2001 475 2084 perditorum
496 2000 536 2064 de
558 2022 609 2064 me
632 2000 766 2065 consilia
787 1999 951 2084 frangere,
979 2000 1042 2064 nisi

91 2108 156 2152 cum
176 2089 350 2173 praesidiis
371 2089 421 2171 iis,
444 2109 525 2170 qnae
548 2109 674 2172 semper
695 2087 808 2169 habui,
834 2108 922 2150 nunc
945 2087 1042 2150 ctiam

91 2177 269 2258 potentium
299 2176 557 2242 benevolentiam
589 2175 834 2240 coniunxissem.
887 2173 947 2238 His
980 2189 1074 2258 egea

92 2265 236 2348 consiliis,
255 2265 333 2328 site
351 2268 555 2347 praesentem
571 2263 764 2346 habuissem,
786 2265 824 2328 ut
842 2263 952 2346 opinio
970 2283 1042 2326 mea

91 2350 156 2430 fert,
179 2374 284 2418 essem
306 2373 384 2418 usus
407 2351 527 2416 eisdem
540 2387 582 2400 -
596 2352 673 2416 novi
692 2353 778 2418 enim
795 2351 1042 2434 temperantiam

90 2443 120 2502 et
140 2440 395 2506 moderationem
416 2442 552 2504 naturae
575 2443 659 2523 tuae,
681 2440 758 2506 novi
778 2440 921 2504 animum
944 2461 1043 2522 quum

91 2527 164 2592 mihi
190 2529 436 2612 amicissimum,
467 2532 538 2594 tum
569 2528 659 2593 nulla
690 2529 726 2592 in
752 2532 875 2597 ceteros
904 2528 1042 2592 malevo-

91 2614 186 2680 lentia
213 2617 384 2699 suffusum,
416 2620 592 2698 contraque
619 2637 719 2700 quum
745 2636 900 2700 magnum
931 2619 965 2678 et
992 2637 1042 2680 er-

90 2705 215 2786 celsum,
237 2707 308 2768 tum
331 2705 431 2768 etiam
454 2707 602 2788 apertum
624 2708 657 2769 et
679 2705 870 2788 simplicem,
892 2703 959 2768 vidi
982 2725 1043 2789 ego

90 2792 242 2873 quosdam
264 2793 301 2855 in
322 2795 355 2856 te
377 2793 473 2876 tales,
496 2792 606 2876 quales
633 2795 669 2856 tu
702 2793 832 2857 eosdem
857 2792 893 2855 in
919 2814 970 2857 me
998 2793 1042 2857 vi-

89 2877 159 2944 dere
181 2880 330 2963 potuisti:
354 2901 436 2964 quae
457 2901 510 2944 me
532 2883 711 2964 moverunt,
733 2879 911 2946 movissent
932 2881 1044 2946 eadem

88 2969 119 3029 te
133 2967 341 3050 profecto-3
355 2967 420 3050 sed,
431 2989 633 3052 quocumque
647 2973 791 3052 tempore
806 2969 886 3033 mihi
899 2972 1043 3053 potestas

90 3057 262 3136 praesentis
276 3056 325 3120 tui
343 3055 450 3140 fuerit,
469 3061 506 3120 tu
525 3057 586 3122 eris
604 3057 749 3122 omnium
767 3057 951 3122 moderator
969 3077 1043 3121 con·

90 3143 230 3208 siliorum
257 3165 417 3226 meorum,
447 3143 509 3210 tibi
541 3145 602 3208 erit
628 3145 744 3227 eidem,
775 3145 827 3210 cui
858 3145 945 3210 salus
971 3165 1043 3208 mea

88 3229 157 3315 fuit,
178 3232 276 3298 etiam
300 3232 443 3317 dignitas
462 3253 569 3297 curae:
591 3254 643 3298 me
661 3233 790 3317 quidem
809 3236 894 3296 certe
914 3234 1043 3295 tuarum

157 3438 303 3566 epam.
332 3441 474 3496 eeaen-
483 3441 588 3495 acci..
599 3441 689 3510 ‚amp
691 3441 782 3505 laccm5
794 3440 892 3493 cidi..
904 3439 1044 3506 profecto

90 3527 168 3574 -;r
213 3513 270 3582 (W)
317 3529 356 3577 e.;
375 3513 479 3566 acci..
491 3512 679 3582 simplicea.
667 3459 773 3565 Paridi
784 3508 941 3584 profecto.
956 3509 1043 3564 sedB.
