<?xml version="1.0" encoding="UTF-8"?>
<!DOCTYPE html PUBLIC "-//W3C//DTD XHTML 1.0 Transitional//EN"
    "http://www.w3.org/TR/xhtml1/DTD/xhtml1-transitional.dtd">
<html xmlns="http://www.w3.org/1999/xhtml" xml:lang="en" lang="en">
 <head>
  <title>
</title>
<meta http-equiv="Content-Type" content="text/html;charset=utf-8" />
  <meta name='ocr-system' content='tesseract 3.04.00' />
  <meta name='ocr-capabilities' content='ocr_page ocr_carea ocr_par ocr_line ocrx_word'/>
</head>
<body>
  <div class='ocr_page' id='page_1' title='image "./epistolae00wesegoog_0155.png"; bbox 0 0 2568 3980; ppageno 0'>
   <div class='ocr_carea' id='block_1_1' title="bbox 346 138 1040 246">
    <p class='ocr_par' dir='ltr' id='par_1_1' title="bbox 346 138 1040 246">
     <span class='ocr_line' id='line_1_1' title="bbox 346 138 1040 246; baseline 0.01 -6"><span class='ocrx_word' id='word_1_1' title='bbox 346 183 604 242; x_wconf 73' lang='lat' dir='ltr'><strong>EPISTOLARUM</strong></span> <span class='ocrx_word' id='word_1_2' title='bbox 622 185 656 240; x_wconf 83' lang='lat' dir='ltr'>v.</span> <span class='ocrx_word' id='word_1_3' title='bbox 676 192 717 242; x_wconf 82' lang='lat'>14.</span> <span class='ocrx_word' id='word_1_4' title='bbox 738 189 779 240; x_wconf 82' lang='lat' dir='ltr'>ro.</span> <span class='ocrx_word' id='word_1_5' title='bbox 968 138 1040 246; x_wconf 30' lang='lat'>&#39;143</span> 
     </span>
    </p>
   </div>
   <div class='ocr_carea' id='block_1_2' title="bbox 9 329 1043 946">
    <p class='ocr_par' dir='ltr' id='par_1_2' title="bbox 9 329 1043 946">
     <span class='ocr_line' id='line_1_2' title="bbox 9 329 1041 418; baseline -0.004 -20"><span class='ocrx_word' id='word_1_6' title='bbox 9 339 10 352; x_wconf 57' lang='lat'>³</span> <span class='ocrx_word' id='word_1_7' title='bbox 88 331 245 418; x_wconf 75' lang='lat' dir='ltr'>rogando,</span> <span class='ocrx_word' id='word_1_8' title='bbox 266 331 294 396; x_wconf 91' lang='lat' dir='ltr'>si</span> <span class='ocrx_word' id='word_1_9' title='bbox 317 331 395 415; x_wconf 88' lang='lat' dir='ltr'>quid</span> <span class='ocrx_word' id='word_1_10' title='bbox 421 332 535 395; x_wconf 78' lang='lat' dir='ltr'>nostre</span> <span class='ocrx_word' id='word_1_11' title='bbox 556 351 655 396; x_wconf 79' lang='lat' dir='ltr'>oense</span> <span class='ocrx_word' id='word_1_12' title='bbox 675 329 738 413; x_wconf 84' lang='lat' dir='ltr'>vis,</span> <span class='ocrx_word' id='word_1_13' title='bbox 766 331 804 394; x_wconf 79' lang='lat' dir='ltr'>ui</span> <span class='ocrx_word' id='word_1_14' title='bbox 825 329 896 394; x_wconf 74' lang='lat' dir='ltr'>istis</span> <span class='ocrx_word' id='word_1_15' title='bbox 917 331 951 393; x_wconf 78' lang='lat' dir='ltr'>te</span> <span class='ocrx_word' id='word_1_16' title='bbox 973 351 1041 394; x_wconf 89' lang='lat' dir='ltr'>mo·</span> 
     </span>
     <span class='ocr_line' id='line_1_3' title="bbox 87 416 1041 502; baseline -0.003 -17"><span class='ocrx_word' id='word_1_17' title='bbox 87 419 187 485; x_wconf 82' lang='lat' dir='ltr'>lesiiis</span> <span class='ocrx_word' id='word_1_18' title='bbox 207 421 298 484; x_wconf 77' lang='lat' dir='ltr'>laxes</span> <span class='ocrx_word' id='word_1_19' title='bbox 315 421 350 483; x_wconf 82' lang='lat' dir='ltr'>ei</span> <span class='ocrx_word' id='word_1_20' title='bbox 372 418 419 482; x_wconf 81' lang='lat' dir='ltr'>ud</span> <span class='ocrx_word' id='word_1_21' title='bbox 436 419 618 484; x_wconf 77' lang='lat' dir='ltr'>eonrieinm</span> <span class='ocrx_word' id='word_1_22' title='bbox 640 421 788 484; x_wconf 80' lang='lat' dir='ltr'>nostrum</span> <span class='ocrx_word' id='word_1_23' title='bbox 810 416 922 482; x_wconf 77' lang='lat' dir='ltr'>redeas</span> <span class='ocrx_word' id='word_1_24' title='bbox 944 421 1041 502; x_wconf 80' lang='lat' dir='ltr'>eique</span> 
     </span>
     <span class='ocr_line' id='line_1_4' title="bbox 87 506 1042 574; baseline -0.004 0"><span class='ocrx_word' id='word_1_25' title='bbox 87 509 126 573; x_wconf 83' lang='lat' dir='ltr'>od</span> <span class='ocrx_word' id='word_1_26' title='bbox 143 507 411 574; x_wconf 72' lang='lat' dir='ltr'><strong>consuetudinem</strong></span> <span class='ocrx_word' id='word_1_27' title='bbox 428 507 480 574; x_wconf 77' lang='lat' dir='ltr'>rel</span> <span class='ocrx_word' id='word_1_28' title='bbox 497 511 643 572; x_wconf 80' lang='lat' dir='ltr'>nostrum</span> <span class='ocrx_word' id='word_1_29' title='bbox 661 527 864 571; x_wconf 78' lang='lat' dir='ltr'>communem</span> <span class='ocrx_word' id='word_1_30' title='bbox 881 506 933 571; x_wconf 81' lang='lat' dir='ltr'>vel</span> <span class='ocrx_word' id='word_1_31' title='bbox 951 509 1042 572; x_wconf 80' lang='lat' dir='ltr'>inem</span> 
     </span>
     <span class='ocr_line' id='line_1_5' title="bbox 88 593 1042 681; baseline -0.004 -19"><span class='ocrx_word' id='word_1_32' title='bbox 88 597 186 662; x_wconf 85' lang='lat' dir='ltr'>solius</span> <span class='ocrx_word' id='word_1_33' title='bbox 212 615 251 660; x_wconf 80' lang='lat' dir='ltr'>eo</span> <span class='ocrx_word' id='word_1_34' title='bbox 277 596 451 681; x_wconf 81' lang='lat' dir='ltr'><strong>propriam.</strong></span> <span class='ocrx_word' id='word_1_35' title='bbox 496 593 600 680; x_wconf 81' lang='lat' dir='ltr'>Cupio</span> <span class='ocrx_word' id='word_1_36' title='bbox 626 616 693 661; x_wconf 92' lang='lat' dir='ltr'>non</span> <span class='ocrx_word' id='word_1_37' title='bbox 725 593 903 662; x_wconf 83' lang='lat' dir='ltr'>obtundere</span> <span class='ocrx_word' id='word_1_38' title='bbox 934 597 983 680; x_wconf 80' lang='lat' dir='ltr'>ie,</span> <span class='ocrx_word' id='word_1_39' title='bbox 1014 595 1042 659; x_wconf 89' lang='lat' dir='ltr'>si</span> 
     </span>
     <span class='ocr_line' id='line_1_6' title="bbox 87 683 1043 768; baseline -0.004 -18"><span class='ocrx_word' id='word_1_40' title='bbox 87 707 153 750; x_wconf 89' lang='lat' dir='ltr'>non</span> <span class='ocrx_word' id='word_1_41' title='bbox 185 685 343 749; x_wconf 79' lang='lat' dir='ltr'>delectere</span> <span class='ocrx_word' id='word_1_42' title='bbox 374 687 487 750; x_wconf 74' lang='lat' dir='ltr'>nostro</span> <span class='ocrx_word' id='word_1_43' title='bbox 520 683 640 749; x_wconf 84' lang='lat' dir='ltr'>siudio:</span> <span class='ocrx_word' id='word_1_44' title='bbox 671 684 766 768; x_wconf 88' lang='lat' dir='ltr'>eupio</span> <span class='ocrx_word' id='word_1_45' title='bbox 798 683 970 766; x_wconf 70' lang='lat' dir='ltr'>deterrere,</span> <span class='ocrx_word' id='word_1_46' title='bbox 1000 704 1043 746; x_wconf 91' lang='lat' dir='ltr'>ne</span> 
     </span>
     <span class='ocr_line' id='line_1_7' title="bbox 87 769 1042 858; baseline -0.002 -20"><span class='ocrx_word' id='word_1_47' title='bbox 87 794 276 858; x_wconf 75' lang='lat' dir='ltr'>permaneus</span> <span class='ocrx_word' id='word_1_48' title='bbox 302 773 339 838; x_wconf 89' lang='lat' dir='ltr'>in</span> <span class='ocrx_word' id='word_1_49' title='bbox 364 773 504 858; x_wconf 75' lang='lat' dir='ltr'>incepto.</span> <span class='ocrx_word' id='word_1_50' title='bbox 552 769 649 838; x_wconf 86' lang='lat' dir='ltr'>Nune</span> <span class='ocrx_word' id='word_1_51' title='bbox 675 771 757 838; x_wconf 84' lang='lat' dir='ltr'>duee</span> <span class='ocrx_word' id='word_1_52' title='bbox 784 793 836 836; x_wconf 88' lang='lat' dir='ltr'>res</span> <span class='ocrx_word' id='word_1_53' title='bbox 862 772 945 836; x_wconf 80' lang='lat' dir='ltr'>istae</span> <span class='ocrx_word' id='word_1_54' title='bbox 967 793 1042 836; x_wconf 89' lang='lat' dir='ltr'>eon·</span> 
     </span>
     <span class='ocr_line' id='line_1_8' title="bbox 86 859 1043 946; baseline -0.003 -19"><span class='ocrx_word' id='word_1_55' title='bbox 86 863 205 928; x_wconf 81' lang='lat' dir='ltr'>ireriee</span> <span class='ocrx_word' id='word_1_56' title='bbox 222 883 274 926; x_wconf 89' lang='lat' dir='ltr'>me</span> <span class='ocrx_word' id='word_1_57' title='bbox 293 861 498 945; x_wconf 72' lang='lat' dir='ltr'>conturbent,</span> <span class='ocrx_word' id='word_1_58' title='bbox 520 881 559 926; x_wconf 88' lang='lat' dir='ltr'>ex</span> <span class='ocrx_word' id='word_1_59' title='bbox 577 860 693 946; x_wconf 85' lang='lat' dir='ltr'>quibus</span> <span class='ocrx_word' id='word_1_60' title='bbox 711 861 822 926; x_wconf 79' lang='lat' dir='ltr'><strong>autin</strong></span> <span class='ocrx_word' id='word_1_61' title='bbox 839 861 941 926; x_wconf 81' lang='lat' dir='ltr'>altera</span> <span class='ocrx_word' id='word_1_62' title='bbox 962 859 1043 925; x_wconf 88' lang='lat' dir='ltr'>mihi</span> 
     </span>
    </p>
   </div>
   <div class='ocr_carea' id='block_1_3' title="bbox 86 949 1044 1104">
    <p class='ocr_par' dir='ltr' id='par_1_3' title="bbox 86 949 1044 1104">
     <span class='ocr_line' id='line_1_9' title="bbox 86 949 1044 1104; baseline -0.004 -87"><span class='ocrx_word' id='word_1_63' title='bbox 86 951 193 1104; x_wconf 45' lang='grc' dir='ltr'>ἔξω,</span> <span class='ocrx_word' id='word_1_64' title='bbox 201 950 364 1104; x_wconf 45' lang='lat' dir='ltr'>{hpotes</span> <span class='ocrx_word' id='word_1_65' title='bbox 386 949 587 1034; x_wconf 79' lang='lat' dir='ltr'>obtemperes</span> <span class='ocrx_word' id='word_1_66' title='bbox 604 953 662 1014; x_wconf 78' lang='lat' dir='ltr'>eui</span> <span class='ocrx_word' id='word_1_67' title='bbox 683 949 719 1014; x_wconf 93' lang='lat' dir='ltr'>in</span> <span class='ocrx_word' id='word_1_68' title='bbox 737 949 839 1014; x_wconf 77' lang='lat' dir='ltr'>altere</span> <span class='ocrx_word' id='word_1_69' title='bbox 858 969 925 1014; x_wconf 91' lang='lat' dir='ltr'>non</span> <span class='ocrx_word' id='word_1_70' title='bbox 944 949 1044 1014; x_wconf 83' lang='lat' dir='ltr'>offen·</span> 
     </span>
     <span class='ocr_line' id='line_1_10' title="bbox 146 1059 395 1104; baseline 0.004 -1"><span class='ocrx_word' id='word_1_71' title='bbox 146 1088 154 1103; x_wconf 90' lang='lat'><strong>.</strong></span> <span class='ocrx_word' id='word_1_72' title='bbox 266 1059 293 1104; x_wconf 85' lang='lat' dir='ltr'>e.</span> <span class='ocrx_word' id='word_1_73' title='bbox 393 1067 395 1072; x_wconf 96' lang='lat'>·</span> 
     </span>
    </p>
   </div>
   <div class='ocr_carea' id='block_1_4' title="bbox 220 1231 911 1402">
    <p class='ocr_par' dir='ltr' id='par_1_4' title="bbox 220 1231 911 1402">
     <span class='ocr_line' id='line_1_11' title="bbox 529 1231 602 1300; baseline -0.027 0"><span class='ocrx_word' id='word_1_74' title='bbox 529 1231 602 1300; x_wconf 89' lang='lat' dir='ltr'>XV.</span> 
     </span>
     <span class='ocr_line' id='line_1_12' title="bbox 220 1315 911 1402; baseline -0.003 0"><span class='ocrx_word' id='word_1_75' title='bbox 220 1345 277 1402; x_wconf 81' lang='lat' dir='ltr'>Sor.</span> <span class='ocrx_word' id='word_1_76' title='bbox 301 1344 332 1400; x_wconf 88' lang='lat' dir='ltr'>in</span> <span class='ocrx_word' id='word_1_77' title='bbox 354 1345 464 1400; x_wconf 75' lang='lat' dir='ltr'><strong>Antiati</strong></span> <span class='ocrx_word' id='word_1_78' title='bbox 486 1363 580 1402; x_wconf 87' lang='lat' dir='ltr'>mense</span> <span class='ocrx_word' id='word_1_79' title='bbox 603 1343 683 1401; x_wconf 88' lang='lat' dir='ltr'>Iunio</span> <span class='ocrx_word' id='word_1_80' title='bbox 706 1361 730 1400; x_wconf 74' lang='lat' dir='ltr'>e</span> <span class='ocrx_word' id='word_1_81' title='bbox 754 1363 781 1400; x_wconf 87' lang='lat' dir='ltr'>u.</span> <span class='ocrx_word' id='word_1_82' title='bbox 804 1361 827 1400; x_wconf 90' lang='lat' dir='ltr'>o.</span> <span class='ocrx_word' id='word_1_83' title='bbox 852 1315 911 1401; x_wconf 59' lang='lat'><strong>709⁸.</strong></span> 
     </span>
    </p>
   </div>
   <div class='ocr_carea' id='block_1_5' title="bbox 278 1467 854 1535">
    <p class='ocr_par' dir='ltr' id='par_1_5' title="bbox 278 1467 854 1535">
     <span class='ocr_line' id='line_1_13' title="bbox 278 1467 854 1535; baseline 0 -11"><span class='ocrx_word' id='word_1_84' title='bbox 278 1470 316 1524; x_wconf 77' lang='lat' dir='ltr'>M.</span> <span class='ocrx_word' id='word_1_85' title='bbox 332 1468 460 1524; x_wconf 80' lang='lat' dir='ltr'>CICERO</span> <span class='ocrx_word' id='word_1_86' title='bbox 475 1469 502 1524; x_wconf 83' lang='lat' dir='ltr'>S.</span> <span class='ocrx_word' id='word_1_87' title='bbox 516 1469 549 1524; x_wconf 76' lang='grc' dir='ltr'>Ι).</span> <span class='ocrx_word' id='word_1_88' title='bbox 564 1469 595 1525; x_wconf 75' lang='lat' dir='ltr'>L.</span> <span class='ocrx_word' id='word_1_89' title='bbox 610 1467 763 1526; x_wconf 73' lang='lat' dir='ltr'>Lucumo</span> <span class='ocrx_word' id='word_1_90' title='bbox 778 1467 809 1535; x_wconf 78' lang='lat' dir='ltr'>Q.</span> <span class='ocrx_word' id='word_1_91' title='bbox 823 1469 854 1524; x_wconf 84' lang='lat' dir='ltr'>F.</span> 
     </span>
    </p>
   </div>
   <div class='ocr_carea' id='block_1_6' title="bbox 87 1568 1088 3157">
    <p class='ocr_par' dir='ltr' id='par_1_6' title="bbox 87 1568 1088 3157">
     <span class='ocr_line' id='line_1_14' title="bbox 155 1568 1084 1655; baseline 0.002 -21"><span class='ocrx_word' id='word_1_92' title='bbox 155 1568 270 1634; x_wconf 90' lang='lat' dir='ltr'>Omnis</span> <span class='ocrx_word' id='word_1_93' title='bbox 293 1591 384 1636; x_wconf 81' lang='lat' dir='ltr'>emor</span> <span class='ocrx_word' id='word_1_94' title='bbox 400 1573 476 1634; x_wconf 82' lang='lat' dir='ltr'>tuns</span> <span class='ocrx_word' id='word_1_95' title='bbox 495 1589 534 1634; x_wconf 86' lang='lat' dir='ltr'>ex</span> <span class='ocrx_word' id='word_1_96' title='bbox 555 1569 705 1636; x_wconf 89' lang='lat' dir='ltr'>omnibus</span> <span class='ocrx_word' id='word_1_97' title='bbox 722 1569 870 1655; x_wconf 76' lang='lat' dir='ltr'>pertibus</span> <span class='ocrx_word' id='word_1_98' title='bbox 887 1591 921 1634; x_wconf 88' lang='lat' dir='ltr'>se</span> <span class='ocrx_word' id='word_1_99' title='bbox 940 1573 1045 1636; x_wconf 78' lang='lat' dir='ltr'>osien·</span> <span class='ocrx_word' id='word_1_100' title='bbox 1064 1583 1084 1636; x_wconf 78' lang='lat'>1</span> 
     </span>
     <span class='ocr_line' id='line_1_15' title="bbox 88 1658 1046 1743; baseline 0.001 -20"><span class='ocrx_word' id='word_1_101' title='bbox 88 1659 137 1724; x_wconf 79' lang='lat' dir='ltr'>dit</span> <span class='ocrx_word' id='word_1_102' title='bbox 158 1658 197 1723; x_wconf 89' lang='lat' dir='ltr'>in</span> <span class='ocrx_word' id='word_1_103' title='bbox 222 1658 262 1722; x_wconf 87' lang='lat' dir='ltr'>iis</span> <span class='ocrx_word' id='word_1_104' title='bbox 283 1658 413 1742; x_wconf 72' lang='lat' dir='ltr'>litteris,</span> <span class='ocrx_word' id='word_1_105' title='bbox 441 1679 521 1743; x_wconf 81' lang='lat' dir='ltr'>ques</span> <span class='ocrx_word' id='word_1_106' title='bbox 547 1680 568 1722; x_wconf 84' lang='lat' dir='ltr'>e</span> <span class='ocrx_word' id='word_1_107' title='bbox 592 1662 626 1724; x_wconf 81' lang='lat' dir='ltr'>ie</span> <span class='ocrx_word' id='word_1_108' title='bbox 652 1660 798 1742; x_wconf 82' lang='lat' dir='ltr'>proxime</span> <span class='ocrx_word' id='word_1_109' title='bbox 826 1659 947 1743; x_wconf 74' lang='lat' dir='ltr'>aesopi,</span> <span class='ocrx_word' id='word_1_110' title='bbox 978 1679 1046 1724; x_wconf 91' lang='lat' dir='ltr'>non</span> 
     </span>
     <span class='ocr_line' id='line_1_16' title="bbox 87 1746 1046 1832; baseline 0.001 -20"><span class='ocrx_word' id='word_1_111' title='bbox 87 1747 143 1812; x_wconf 88' lang='lat' dir='ltr'>ille</span> <span class='ocrx_word' id='word_1_112' title='bbox 162 1746 293 1830; x_wconf 89' lang='lat' dir='ltr'>quidem</span> <span class='ocrx_word' id='word_1_113' title='bbox 309 1746 390 1811; x_wconf 90' lang='lat' dir='ltr'>mihi</span> <span class='ocrx_word' id='word_1_114' title='bbox 407 1746 550 1832; x_wconf 72' lang='lat' dir='ltr'>ignotus,</span> <span class='ocrx_word' id='word_1_115' title='bbox 572 1747 628 1812; x_wconf 90' lang='lat' dir='ltr'>sed</span> <span class='ocrx_word' id='word_1_116' title='bbox 645 1751 755 1812; x_wconf 76' lang='lat' dir='ltr'>temen</span> <span class='ocrx_word' id='word_1_117' title='bbox 774 1750 886 1832; x_wconf 79' lang='lat' dir='ltr'>gratus</span> <span class='ocrx_word' id='word_1_118' title='bbox 905 1750 938 1811; x_wconf 76' lang='lat' dir='ltr'>ei</span> <span class='ocrx_word' id='word_1_119' title='bbox 955 1750 1046 1831; x_wconf 79' lang='lat' dir='ltr'>opie-</span> 
     </span>
     <span class='ocr_line' id='line_1_17' title="bbox 87 1833 1046 1920; baseline 0 -20"><span class='ocrx_word' id='word_1_120' title='bbox 87 1841 156 1918; x_wconf 77' lang='lat' dir='ltr'>tns3</span> <span class='ocrx_word' id='word_1_121' title='bbox 185 1835 323 1900; x_wconf 82' lang='lat' dir='ltr'>dicerem</span> <span class='ocrx_word' id='word_1_122' title='bbox 348 1833 557 1920; x_wconf 76' lang='lat' dir='ltr'>„iucundus“,</span> <span class='ocrx_word' id='word_1_123' title='bbox 582 1834 646 1900; x_wconf 78' lang='lat' dir='ltr'>nisi</span> <span class='ocrx_word' id='word_1_124' title='bbox 673 1835 706 1900; x_wconf 88' lang='lat' dir='ltr'>id</span> <span class='ocrx_word' id='word_1_125' title='bbox 727 1836 862 1901; x_wconf 83' lang='lat' dir='ltr'>verbum</span> <span class='ocrx_word' id='word_1_126' title='bbox 888 1835 924 1900; x_wconf 92' lang='lat' dir='ltr'>in</span> <span class='ocrx_word' id='word_1_127' title='bbox 951 1856 1046 1900; x_wconf 92' lang='lat' dir='ltr'>omne</span> 
     </span>
     <span class='ocr_line' id='line_1_18' title="bbox 88 1921 1046 2008; baseline 0.001 -21"><span class='ocrx_word' id='word_1_128' title='bbox 88 1928 218 2008; x_wconf 80' lang='lat' dir='ltr'>tempus</span> <span class='ocrx_word' id='word_1_129' title='bbox 240 1921 463 2008; x_wconf 78' lang='lat' dir='ltr'>perdidissem,</span> <span class='ocrx_word' id='word_1_130' title='bbox 490 1944 594 2008; x_wconf 89' lang='lat' dir='ltr'>neque</span> <span class='ocrx_word' id='word_1_131' title='bbox 622 1925 663 1990; x_wconf 96' lang='lat' dir='ltr'>ob</span> <span class='ocrx_word' id='word_1_132' title='bbox 688 1945 759 1989; x_wconf 82' lang='lat' dir='ltr'>eum</span> <span class='ocrx_word' id='word_1_133' title='bbox 785 1945 885 1988; x_wconf 81' lang='lat' dir='ltr'>unum</span> <span class='ocrx_word' id='word_1_134' title='bbox 907 1945 1046 2007; x_wconf 79' lang='lat' dir='ltr'>oausam,</span> 
     </span>
     <span class='ocr_line' id='line_1_19' title="bbox 90 2012 1047 2096; baseline -0.001 -20"><span class='ocrx_word' id='word_1_135' title='bbox 90 2033 189 2095; x_wconf 80' lang='lat' dir='ltr'>quum</span> <span class='ocrx_word' id='word_1_136' title='bbox 206 2014 244 2076; x_wconf 80' lang='lat' dir='ltr'>iu</span> <span class='ocrx_word' id='word_1_137' title='bbox 262 2012 435 2096; x_wconf 83' lang='lat' dir='ltr'>suspiceris</span> <span class='ocrx_word' id='word_1_138' title='bbox 453 2013 534 2076; x_wconf 83' lang='lat' dir='ltr'>etin</span> <span class='ocrx_word' id='word_1_139' title='bbox 552 2033 616 2096; x_wconf 84' lang='lat' dir='ltr'>que</span> <span class='ocrx_word' id='word_1_140' title='bbox 629 2033 680 2077; x_wconf 91' lang='lat' dir='ltr'>me</span> <span class='ocrx_word' id='word_1_141' title='bbox 693 2012 866 2078; x_wconf 85' lang='lat' dir='ltr'>lenissimis</span> <span class='ocrx_word' id='word_1_142' title='bbox 886 2014 921 2075; x_wconf 75' lang='lat' dir='ltr'>ei</span> <span class='ocrx_word' id='word_1_143' title='bbox 938 2033 1047 2075; x_wconf 83' lang='lat' dir='ltr'>amen·</span> 
     </span>
     <span class='ocr_line' id='line_1_20' title="bbox 89 2098 1047 2186; baseline -0.002 -22"><span class='ocrx_word' id='word_1_144' title='bbox 89 2100 224 2164; x_wconf 73' lang='lat' dir='ltr'>tissimis</span> <span class='ocrx_word' id='word_1_145' title='bbox 245 2099 353 2166; x_wconf 77' lang='lat' dir='ltr'>verbis</span> <span class='ocrx_word' id='word_1_146' title='bbox 375 2103 470 2165; x_wconf 75' lang='lat' dir='ltr'>utens</span> <span class='ocrx_word' id='word_1_147' title='bbox 491 2121 527 2166; x_wconf 89' lang='lat' dir='ltr'>re</span> <span class='ocrx_word' id='word_1_148' title='bbox 550 2101 692 2186; x_wconf 70' lang='lat' dir='ltr'>graviter</span> <span class='ocrx_word' id='word_1_149' title='bbox 710 2121 850 2182; x_wconf 81' lang='lat' dir='ltr'>ueouses,</span> <span class='ocrx_word' id='word_1_150' title='bbox 873 2098 929 2164; x_wconf 89' lang='lat' dir='ltr'>sed</span> <span class='ocrx_word' id='word_1_151' title='bbox 951 2099 1047 2183; x_wconf 85' lang='lat' dir='ltr'>quod,</span> 
     </span>
     <span class='ocr_line' id='line_1_21' title="bbox 91 2187 1047 2273; baseline -0.003 -20"><span class='ocrx_word' id='word_1_152' title='bbox 91 2189 178 2253; x_wconf 86' lang='lat' dir='ltr'>illins</span> <span class='ocrx_word' id='word_1_153' title='bbox 199 2188 285 2253; x_wconf 77' lang='lat' dir='ltr'><strong>iunii</strong></span> <span class='ocrx_word' id='word_1_154' title='bbox 307 2189 449 2254; x_wconf 83' lang='lat' dir='ltr'>vulneris</span> <span class='ocrx_word' id='word_1_155' title='bbox 472 2206 554 2273; x_wconf 82' lang='lat' dir='ltr'>quoe</span> <span class='ocrx_word' id='word_1_156' title='bbox 571 2189 712 2254; x_wconf 82' lang='lat' dir='ltr'>remedio</span> <span class='ocrx_word' id='word_1_157' title='bbox 729 2209 799 2254; x_wconf 87' lang='lat' dir='ltr'>esse</span> <span class='ocrx_word' id='word_1_158' title='bbox 816 2187 986 2271; x_wconf 74' lang='lat' dir='ltr'>debebant,</span> <span class='ocrx_word' id='word_1_159' title='bbox 1008 2208 1047 2251; x_wconf 85' lang='lat' dir='ltr'>eo</span> 
     </span>
     <span class='ocr_line' id='line_1_22' title="bbox 92 2275 1088 2361; baseline -0.001 -21"><span class='ocrx_word' id='word_1_160' title='bbox 92 2278 183 2342; x_wconf 76' lang='lat' dir='ltr'>nulls</span> <span class='ocrx_word' id='word_1_161' title='bbox 204 2280 290 2341; x_wconf 78' lang='lat' dir='ltr'>sunt.</span> <span class='ocrx_word' id='word_1_162' title='bbox 335 2276 419 2353; x_wconf 82' lang='lat' dir='ltr'>Quid</span> <span class='ocrx_word' id='word_1_163' title='bbox 446 2277 554 2342; x_wconf 81' lang='lat' dir='ltr'>enim?</span> <span class='ocrx_word' id='word_1_164' title='bbox 584 2278 625 2342; x_wconf 86' lang='lat' dir='ltr'>od</span> <span class='ocrx_word' id='word_1_165' title='bbox 653 2278 815 2344; x_wconf 84' lang='lat' dir='ltr'>amicosne</span> <span class='ocrx_word' id='word_1_166' title='bbox 838 2275 1088 2361; x_wconf 66' lang='lat' dir='ltr'>confugiemie</span> 
     </span>
     <span class='ocr_line' id='line_1_23' title="bbox 94 2365 1048 2450; baseline 0 -20"><span class='ocrx_word' id='word_1_167' title='bbox 94 2387 190 2448; x_wconf 81' lang='lat' dir='ltr'>quem</span> <span class='ocrx_word' id='word_1_168' title='bbox 211 2365 307 2430; x_wconf 74' lang='lat' dir='ltr'>mulii</span> <span class='ocrx_word' id='word_1_169' title='bbox 329 2365 427 2430; x_wconf 78' lang='lat' dir='ltr'>suni?</span> <span class='ocrx_word' id='word_1_170' title='bbox 456 2365 628 2432; x_wconf 81' lang='lat' dir='ltr'>habuimus</span> <span class='ocrx_word' id='word_1_171' title='bbox 651 2367 737 2432; x_wconf 90' lang='lat' dir='ltr'>enim</span> <span class='ocrx_word' id='word_1_172' title='bbox 763 2366 831 2431; x_wconf 91' lang='lat' dir='ltr'>fere</span> <span class='ocrx_word' id='word_1_173' title='bbox 854 2386 1048 2450; x_wconf 85' lang='lat' dir='ltr'>communes,</span> 
     </span>
     <span class='ocr_line' id='line_1_24' title="bbox 96 2453 1048 2538; baseline 0.001 -20"><span class='ocrx_word' id='word_1_174' title='bbox 96 2475 230 2536; x_wconf 85' lang='lat' dir='ltr'>qnorum</span> <span class='ocrx_word' id='word_1_175' title='bbox 252 2453 308 2518; x_wconf 85' lang='lat' dir='ltr'>elii</span> <span class='ocrx_word' id='word_1_176' title='bbox 335 2454 533 2538; x_wconf 66' lang='lat' dir='ltr'>oeciderunt,</span> <span class='ocrx_word' id='word_1_177' title='bbox 560 2455 616 2520; x_wconf 80' lang='lat' dir='ltr'>elii</span> <span class='ocrx_word' id='word_1_178' title='bbox 642 2455 750 2520; x_wconf 85' lang='lat' dir='ltr'>neseio</span> <span class='ocrx_word' id='word_1_179' title='bbox 778 2475 841 2538; x_wconf 91' lang='lat' dir='ltr'>quo</span> <span class='ocrx_word' id='word_1_180' title='bbox 868 2457 964 2538; x_wconf 77' lang='lat' dir='ltr'>pecto</span> <span class='ocrx_word' id='word_1_181' title='bbox 992 2455 1048 2519; x_wconf 91' lang='lat' dir='ltr'>ob·</span> 
     </span>
     <span class='ocr_line' id='line_1_25' title="bbox 96 2541 1048 2628; baseline 0.002 -24"><span class='ocrx_word' id='word_1_182' title='bbox 96 2541 280 2608; x_wconf 59' lang='lat' dir='ltr'>duruerunt</span> <span class='ocrx_word' id='word_1_183' title='bbox 325 2541 446 2608; x_wconf 81' lang='lat' dir='ltr'>Tecum</span> <span class='ocrx_word' id='word_1_184' title='bbox 473 2543 580 2608; x_wconf 83' lang='lat' dir='ltr'>vivere</span> <span class='ocrx_word' id='word_1_185' title='bbox 606 2564 735 2627; x_wconf 85' lang='lat' dir='ltr'>possem</span> <span class='ocrx_word' id='word_1_186' title='bbox 757 2541 904 2628; x_wconf 88' lang='lat' dir='ltr'>equidem</span> <span class='ocrx_word' id='word_1_187' title='bbox 927 2545 960 2607; x_wconf 79' lang='lat' dir='ltr'>et</span> <span class='ocrx_word' id='word_1_188' title='bbox 981 2564 1048 2606; x_wconf 85' lang='lat' dir='ltr'>me-</span> 
     </span>
     <span class='ocr_line' id='line_1_26' title="bbox 97 2629 1049 2716; baseline 0.002 -22"><span class='ocrx_word' id='word_1_189' title='bbox 97 2629 177 2694; x_wconf 87' lang='lat' dir='ltr'>xime</span> <span class='ocrx_word' id='word_1_190' title='bbox 207 2632 336 2696; x_wconf 86' lang='lat' dir='ltr'>vellem:</span> <span class='ocrx_word' id='word_1_191' title='bbox 373 2633 530 2716; x_wconf 71' lang='lat' dir='ltr'>vetustas,</span> <span class='ocrx_word' id='word_1_192' title='bbox 562 2652 666 2716; x_wconf 83' lang='lat' dir='ltr'>emor,</span> <span class='ocrx_word' id='word_1_193' title='bbox 698 2629 910 2715; x_wconf 76' lang='lat' dir='ltr'>consuetudo,</span> <span class='ocrx_word' id='word_1_194' title='bbox 942 2631 1049 2696; x_wconf 73' lang='lat' dir='ltr'>studia</span> 
     </span>
     <span class='ocr_line' id='line_1_27' title="bbox 97 2719 1051 2804; baseline 0.002 -22"><span class='ocrx_word' id='word_1_195' title='bbox 97 2719 200 2802; x_wconf 65' lang='lat' dir='ltr'>purim</span> <span class='ocrx_word' id='word_1_196' title='bbox 221 2719 309 2804; x_wconf 90' lang='lat' dir='ltr'>qnod</span> <span class='ocrx_word' id='word_1_197' title='bbox 331 2719 482 2804; x_wconf 75' lang='lat' dir='ltr'>vinclum,</span> <span class='ocrx_word' id='word_1_198' title='bbox 504 2741 633 2804; x_wconf 74' lang='lat' dir='ltr'>quaeso,</span> <span class='ocrx_word' id='word_1_199' title='bbox 656 2719 746 2784; x_wconf 75' lang='lat' dir='ltr'>deest</span> <span class='ocrx_word' id='word_1_200' title='bbox 762 2721 893 2785; x_wconf 84' lang='lat' dir='ltr'>nosiree</span> <span class='ocrx_word' id='word_1_201' title='bbox 916 2720 1051 2784; x_wconf 82' lang='lat' dir='ltr'>eonion-</span> 
     </span>
     <span class='ocr_line' id='line_1_28' title="bbox 99 2805 1048 2893; baseline 0.004 -25"><span class='ocrx_word' id='word_1_202' title='bbox 99 2805 233 2872; x_wconf 76' lang='lat' dir='ltr'>edonis?</span> <span class='ocrx_word' id='word_1_203' title='bbox 267 2806 485 2873; x_wconf 86' lang='lat' dir='ltr'>Possumusne</span> <span class='ocrx_word' id='word_1_204' title='bbox 502 2808 603 2893; x_wconf 74' lang='lat' dir='ltr'>igitur</span> <span class='ocrx_word' id='word_1_205' title='bbox 621 2829 690 2872; x_wconf 87' lang='lat' dir='ltr'>esse</span> <span class='ocrx_word' id='word_1_206' title='bbox 712 2807 800 2872; x_wconf 83' lang='lat' dir='ltr'>uno?</span> <span class='ocrx_word' id='word_1_207' title='bbox 822 2807 908 2886; x_wconf 88' lang='lat' dir='ltr'>†nee</span> <span class='ocrx_word' id='word_1_208' title='bbox 925 2807 1048 2872; x_wconf 85' lang='lat' dir='ltr'>meher-</span> 
     </span>
     <span class='ocr_line' id='line_1_29' title="bbox 101 2894 1054 2981; baseline 0.006 -24"><span class='ocrx_word' id='word_1_209' title='bbox 101 2894 166 2958; x_wconf 80' lang='lat' dir='ltr'>cule</span> <span class='ocrx_word' id='word_1_210' title='bbox 186 2895 349 2981; x_wconf 76' lang='lat' dir='ltr'>intelligo,</span> <span class='ocrx_word' id='word_1_211' title='bbox 378 2896 459 2981; x_wconf 86' lang='lat' dir='ltr'>quid</span> <span class='ocrx_word' id='word_1_212' title='bbox 478 2896 645 2980; x_wconf 56' lang='lat' dir='ltr'>impedium</span> <span class='ocrx_word' id='word_1_213' title='bbox 669 2896 724 2961; x_wconf 84' lang='lat' dir='ltr'>sed</span> <span class='ocrx_word' id='word_1_214' title='bbox 747 2899 832 2960; x_wconf 81' lang='lat' dir='ltr'>cerie</span> <span class='ocrx_word' id='word_1_215' title='bbox 855 2895 960 2960; x_wconf 85' lang='lat' dir='ltr'>edhuo</span> <span class='ocrx_word' id='word_1_216' title='bbox 981 2915 1054 2964; x_wconf 86' lang='lat' dir='ltr'>non</span> 
     </span>
     <span class='ocr_line' id='line_1_30' title="bbox 101 2980 1050 3069; baseline 0.004 -25"><span class='ocrx_word' id='word_1_217' title='bbox 101 2980 223 3069; x_wconf 84' lang='lat' dir='ltr'>fuimns,</span> <span class='ocrx_word' id='word_1_218' title='bbox 245 3006 346 3068; x_wconf 87' lang='lat' dir='ltr'>quum</span> <span class='ocrx_word' id='word_1_219' title='bbox 369 3005 511 3049; x_wconf 82' lang='lat' dir='ltr'>essemus</span> <span class='ocrx_word' id='word_1_220' title='bbox 532 2984 630 3050; x_wconf 78' lang='lat' dir='ltr'>vieini</span> <span class='ocrx_word' id='word_1_221' title='bbox 652 2985 688 3049; x_wconf 91' lang='lat' dir='ltr'>in</span> <span class='ocrx_word' id='word_1_222' title='bbox 711 2983 909 3068; x_wconf 73' lang='lat' dir='ltr'>Tusouleno,</span> <span class='ocrx_word' id='word_1_223' title='bbox 931 2985 966 3048; x_wconf 89' lang='lat' dir='ltr'>in</span> <span class='ocrx_word' id='word_1_224' title='bbox 987 2983 1050 3049; x_wconf 93' lang='lat' dir='ltr'>Pu-</span> 
     </span>
     <span class='ocr_line' id='line_1_31' title="bbox 103 3071 1054 3157; baseline 0.003 -23"><span class='ocrx_word' id='word_1_225' title='bbox 103 3071 238 3157; x_wconf 73' lang='lat' dir='ltr'>teolon03</span> <span class='ocrx_word' id='word_1_226' title='bbox 264 3093 342 3136; x_wconf 84' lang='lat' dir='ltr'>nem</span> <span class='ocrx_word' id='word_1_227' title='bbox 364 3072 442 3156; x_wconf 86' lang='lat' dir='ltr'>quid</span> <span class='ocrx_word' id='word_1_228' title='bbox 465 3072 569 3137; x_wconf 87' lang='lat' dir='ltr'>dieem</span> <span class='ocrx_word' id='word_1_229' title='bbox 596 3073 632 3136; x_wconf 90' lang='lat' dir='ltr'>in</span> <span class='ocrx_word' id='word_1_230' title='bbox 658 3071 760 3137; x_wconf 82' lang='lat' dir='ltr'>urbe?</span> <span class='ocrx_word' id='word_1_231' title='bbox 789 3072 825 3138; x_wconf 90' lang='lat' dir='ltr'>in</span> <span class='ocrx_word' id='word_1_232' title='bbox 847 3093 924 3156; x_wconf 81' lang='lat' dir='ltr'>que,</span> <span class='ocrx_word' id='word_1_233' title='bbox 951 3091 1054 3155; x_wconf 84' lang='lat' dir='ltr'>quum.</span> 
     </span>
    </p>
   </div>
   <div class='ocr_carea' id='block_1_7' title="bbox 105 3243 1056 3584">
    <p class='ocr_par' dir='ltr' id='par_1_7' title="bbox 105 3243 1056 3584">
     <span class='ocr_line' id='line_1_32' title="bbox 168 3243 1049 3316; baseline -0.003 -16"><span class='ocrx_word' id='word_1_234' title='bbox 168 3243 218 3300; x_wconf 75' lang='lat' dir='ltr'>d.</span> <span class='ocrx_word' id='word_1_235' title='bbox 241 3252 327 3314; x_wconf 80' lang='lat' dir='ltr'>14‚e.</span> <span class='ocrx_word' id='word_1_236' title='bbox 363 3247 504 3302; x_wconf 70' lang='lat' dir='ltr'>sedemus</span> <span class='ocrx_word' id='word_1_237' title='bbox 526 3251 607 3315; x_wconf 77' lang='lat' dir='ltr'>utque</span> <span class='ocrx_word' id='word_1_238' title='bbox 628 3247 666 3301; x_wconf 85' lang='lat' dir='ltr'>od</span> <span class='ocrx_word' id='word_1_239' title='bbox 689 3245 764 3316; x_wconf 78' lang='lat' dir='ltr'><strong>(W.).</strong></span> <span class='ocrx_word' id='word_1_240' title='bbox 814 3247 955 3300; x_wconf 77' lang='lat' dir='ltr'>redeamus</span> <span class='ocrx_word' id='word_1_241' title='bbox 973 3283 1049 3298; x_wconf 89' lang='grc'><strong>.....</strong></span> 
     </span>
     <span class='ocr_line' id='line_1_33' title="bbox 106 3263 1050 3387; baseline 0.001 -21"><span class='ocrx_word' id='word_1_242' title='bbox 106 3313 143 3366; x_wconf 81' lang='lat' dir='ltr'>ad</span> <span class='ocrx_word' id='word_1_243' title='bbox 156 3263 216 3372; x_wconf 68' lang='lat' dir='ltr'>Md.</span> <span class='ocrx_word' id='word_1_244' title='bbox 251 3317 405 3385; x_wconf 78' lang='lat' dir='ltr'>E.15,2.</span> <span class='ocrx_word' id='word_1_245' title='bbox 442 3315 729 3387; x_wconf 60' lang='lat' dir='ltr'>coniunctionum).</span> <span class='ocrx_word' id='word_1_246' title='bbox 766 3315 953 3370; x_wconf 72' lang='lat' dir='ltr'>coniunctioni</span> <span class='ocrx_word' id='word_1_247' title='bbox 966 3311 1050 3381; x_wconf 66' lang='lat' dir='ltr'>Orsi,</span> 
     </span>
     <span class='ocr_line' id='line_1_34' title="bbox 107 3335 1052 3458; baseline -0.005 -15"><span class='ocrx_word' id='word_1_248' title='bbox 107 3381 139 3435; x_wconf 83' lang='lat' dir='ltr'>B·</span> <span class='ocrx_word' id='word_1_249' title='bbox 157 3414 189 3425; x_wconf 87' lang='lat'>—</span> <span class='ocrx_word' id='word_1_250' title='bbox 208 3335 295 3443; x_wconf 56' lang='lat' dir='ltr'>used)</span> <span class='ocrx_word' id='word_1_251' title='bbox 304 3391 381 3455; x_wconf 82' lang='lat' dir='ltr'>†ueo</span> <span class='ocrx_word' id='word_1_252' title='bbox 398 3405 432 3442; x_wconf 87' lang='lat' dir='ltr'>m.</span> <span class='ocrx_word' id='word_1_253' title='bbox 456 3389 579 3458; x_wconf 64' lang='lat' dir='ltr'>intelligo</span> <span class='ocrx_word' id='word_1_254' title='bbox 603 3387 650 3455; x_wconf 91' lang='lat' dir='ltr'>(W</span> <span class='ocrx_word' id='word_1_255' title='bbox 652 3389 678 3456; x_wconf 87' lang='lat'>.).</span> <span class='ocrx_word' id='word_1_256' title='bbox 724 3385 803 3442; x_wconf 75' lang='lat' dir='ltr'>ooo?</span> <span class='ocrx_word' id='word_1_257' title='bbox 826 3399 985 3454; x_wconf 73' lang='lat' dir='ltr'>possmus,</span> <span class='ocrx_word' id='word_1_258' title='bbox 1002 3400 1052 3439; x_wconf 82' lang='lat' dir='ltr'>uec</span> 
     </span>
     <span class='ocr_line' id='line_1_35' title="bbox 105 3453 1056 3582; baseline 0 -72"><span class='ocrx_word' id='word_1_259' title='bbox 105 3468 143 3505; x_wconf 80' lang='lat' dir='ltr'>m.</span> <span class='ocrx_word' id='word_1_260' title='bbox 164 3455 275 3582; x_wconf 52' lang='lat' dir='ltr'>irena.</span> <span class='ocrx_word' id='word_1_261' title='bbox 301 3461 380 3528; x_wconf 76' lang='lat'>1584)</span> <span class='ocrx_word' id='word_1_262' title='bbox 409 3459 459 3514; x_wconf 78' lang='lat' dir='ltr'>eut</span> <span class='ocrx_word' id='word_1_263' title='bbox 485 3455 564 3514; x_wconf 77' lang='lat' dir='ltr'>uno?</span> <span class='ocrx_word' id='word_1_264' title='bbox 592 3473 648 3514; x_wconf 80' lang='lat' dir='ltr'>uon</span> <span class='ocrx_word' id='word_1_265' title='bbox 669 3474 703 3512; x_wconf 85' lang='lat' dir='ltr'>m.</span> <span class='ocrx_word' id='word_1_266' title='bbox 727 3459 746 3511; x_wconf 81' lang='lat' dir='ltr'>i.</span> <span class='ocrx_word' id='word_1_267' title='bbox 775 3455 849 3524; x_wconf 89' lang='lat' dir='ltr'>(W.).</span> <span class='ocrx_word' id='word_1_268' title='bbox 897 3453 977 3509; x_wconf 79' lang='lat' dir='ltr'>uuo?</span> <span class='ocrx_word' id='word_1_269' title='bbox 1003 3470 1056 3510; x_wconf 74' lang='lat' dir='ltr'>nee</span> 
     </span>
     <span class='ocr_line' id='line_1_36' title="bbox 106 3538 252 3584; baseline 0.041 -6"><span class='ocrx_word' id='word_1_270' title='bbox 106 3538 145 3578; x_wconf 70' lang='lat' dir='ltr'>m</span> <span class='ocrx_word' id='word_1_271' title='bbox 158 3541 175 3579; x_wconf 75' lang='lat' dir='ltr'>s.</span> <span class='ocrx_word' id='word_1_272' title='bbox 245 3570 252 3584; x_wconf 87' lang='lat'>.</span> 
     </span>
    </p>
   </div>
   <div class='ocr_carea' id='block_1_8' title="bbox 0 0 1312 3980">
    <p class='ocr_par' dir='ltr' id='par_1_8' title="bbox 0 0 1312 3980">
     <span class='ocr_line' id='line_1_37' title="bbox 0 0 1312 3980; baseline 0 0"><span class='ocrx_word' id='word_1_273' title='bbox 0 0 1312 3980; x_wconf 95' lang='lat' dir='ltr'> </span> 
     </span>
    </p>
   </div>
  </div>
 </body>
</html>
