2578 3982
232 219 490 276 EPISTOLARUM
508 221 558 276 AD
578 221 608 286 Q.
628 219 805 276 FRATREM
823 221 857 276 ΙΙ.
878 227 919 277 14.
988 221 1053 286 615

94 365 150 430 sin
174 365 288 450 aliquis
312 367 457 451 erumpet
483 367 620 431 amentis
647 366 788 431 hominis
811 366 915 450 furor,
944 366 1053 430 omnia

94 456 177 518 sunt
195 453 236 518 ad
255 475 328 520 eum
345 453 562 539 frangendum
576 454 732 539 expedita.
767 453 856 519 Haec
873 454 921 518 itu
939 455 1079 538 sentius

94 541 216 625 iudice,
238 540 278 605 ad
301 543 333 606 te
357 543 520 625 explorate
543 543 661 607 scribo:
689 542 836 608 dubitare
858 545 891 606 te
914 563 982 607 non
1004 563 1052 606 as-

96 629 284 713 sentatorie,
302 629 357 694 sed
375 627 516 694 fraterne
535 634 618 695 veto.
654 629 759 706 Quare
778 630 945 695 suavitatis
967 630 1052 714 equi-

96 717 173 781 dem
195 720 326 783 nostrae
347 717 502 783 fruendae
525 739 622 784 eausa
645 739 793 804 cuperem
810 721 843 783 te
865 718 905 782 ad
924 717 956 782 id
974 720 1053 781 tem-

96 827 161 889 pus
188 805 310 890 venire,
333 806 420 889 quod
451 807 589 890 dixeras,
621 807 676 871 sed
707 806 787 872 illud
818 807 903 872 malo
935 809 1054 890 tamen,

97 892 184 1000 quod
208 897 305 978 putes
331 895 436 978 magis
458 894 540 934 *¹⁸*
562 896 619 960 illa
647 895 744 960 etiam
771 895 882 980 magni
908 895 1054 977 aestimo,

96 982 592 1137 iiidi⁹‘“i1{t¹a¹¹biti¹¹ii
607 981 1054 1136 titubabitur

97 1157 230 1242 peditis,
253 1158 280 1223 si
302 1093 492 1242 valebimus,
518 1159 588 1224 fore
610 1121 820 1224 fortunatius:
847 1179 947 1242 parva
970 1165 1054 1242 sunt,

97 1266 182 1328 quae
210 1247 339 1329 desunt,
370 1268 429 1331 pro
461 1248 582 1313 nostris
609 1249 738 1331 quidem
764 1246 921 1332 moribus,
953 1249 985 1311 et
1017 1267 1055 1310 ea

98 1337 178 1398 sunt
210 1334 250 1400 ad
273 1335 497 1419 explicandum
527 1336 780 1421 expeditissima,
815 1335 912 1400 modo
950 1335 1054 1400 velea-
1286 1397 1287 1412 ,

97 1442 180 1486 mus.
224 1422 376 1488 Ambitus
399 1423 482 1488 redit
503 1425 666 1508 immanis3
693 1444 870 1508 numquam
895 1423 960 1488 fuit
981 1438 1081 1507 pam*
1161 1445 1166 1454 ·
1286 1421 1287 1514 i

98 1508 182 1575 Idib.
205 1509 331 1586 Quinet.
357 1512 452 1577 fenus
479 1511 543 1576 fuit
569 1513 715 1578 bessibus
742 1533 782 1577 ex
806 1512 933 1578 triente.
983 1509 1053 1576 Coi-

98 1597 189 1664 tione
212 1600 233 1679 †
255 1598 388 1665 Memmi
410 1604 460 1666 est
482 1622 545 1684 quo
569 1601 822 1666 cumliomitioz
848 1601 934 1666 hane
957 1597 1054 1665 Scau·

97 1707 154 1748 rus
177 1707 278 1750 unum
296 1688 435 1770 vineer03
457 1686 596 1754 Messala
613 1688 734 1753 flaccet.
770 1687 848 1754 Non
866 1689 937 1753 dieo
955 1682 1054 1772 baee-

98 1773 252 1854 βολικῶςι
284 1774 336 1838 vel
362 1773 426 1838 HS.
454 1777 573 1840 centies
601 1777 839 1840 constituerunt
865 1776 900 1840 in
927 1796 1054 1858 praero-

99 1861 211 1945 gativa
233 1862 452 1945 pronuntiare.
496 1861 561 1927 Res
585 1863 676 1927 ardet
702 1862 832 1927 invidia.
877 1863 1055 1928 Tribunieii

99 1947 263 2014 candidati
277 1949 573 2034 compromiserunt,
591 1949 655 2016 HS.
674 1950 846 2036 quingenis
859 1951 895 2016 in
908 1952 1054 2036 singulos

99 2037 186 2121 apud
209 2036 253 2102 M.
281 2035 438 2103 Catonem
465 2037 633 2123 depositis,
659 2041 768 2123 petere
796 2039 864 2103 eius
888 2039 1055 2124 arbitratu,

99 2126 224 2209 utqui
247 2129 362 2190 eontm
383 2125 521 2210 fecisset,
543 2127 584 2191 ab
608 2147 646 2192 ao
669 2127 950 2192 condemnaretur:
973 2148 1054 2210 quae

100 2212 229 2296 quidem
260 2213 391 2279 comitia
422 2215 450 2278 si
481 2215 623 2299 gratuite
653 2214 790 2298 fuerint,
821 2218 860 2278 ut
889 2217 1055 2300 putantur,

98 2301 173 2385 plus
188 2323 280 2456 'ubps
299 2298 380 2368 Ceto
402 2303 545 2387 potuerit
566 2324 662 2390 quam
686 2323 798 2370 omnes
817 2303 906 2388 leges
929 2324 1054 2368 omnes·

100 2409 162 2473 que
184 2411 218 2456 m
241 2410 313 2455 rees.

170 2614 221 2686 Ep.
243 2621 285 2685 14,
299 2623 324 2672 8.
359 2619 447 2688 mauis
464 2618 531 2657 Μ
547 2617 599 2673 illa
621 2618 703 2674 etiam
724 2621 819 2689 muyui
836 2620 960 2686 aestimo,
982 2613 1053 2690 ἄμφ.

102 2684 175 2754 (W).
211 2688 299 2757 mauis
313 2690 449 2756 pertinere
467 2689 522 2756 (vel
535 2689 672 2758 iuteresse)
691 2689 729 2743 ud
745 2694 867 2744 nentrum
880 2691 1054 2758 diuuitutem:

100 2755 151 2810 illu
168 2772 188 2810 e.
206 2773 241 2812 m.
260 2775 296 2825 a,
314 2754 384 2828 ἀμφ.
404 2759 489 2828 (Wii
530 2775 565 2813 m.
583 2763 603 2827 †
620 2760 702 2814 mum
718 2759 770 2814 uua
787 2775 809 2814 e.
826 2775 861 2814 m.
881 2777 906 2814 a.
924 2776 966 2814 me
983 2754 1054 2829 ἀμφ.

100 2825 193 2895 nni,
211 2827 242 2884 B.
261 2828 320 2897 (Ml
336 2830 451 2900 muenia
462 2831 572 2896 ostenso,
585 2829 606 2882 Ι.
625 2844 727 2898 munna
740 2830 869 2898 αεειίηιο).
905 2835 930 2883 4.
949 2830 1053 2885 triente.

102 2895 223 2954 Uettium
240 2902 259 2966 †
278 2898 392 2954 Memmi
409 2904 448 2954 eet
465 2914 518 2968 quo
536 2914 597 2954 eum
614 2898 666 2954 D..·
690 2899 761 2954 haue
779 2899 808 2954 S.
831 2915 918 2954 unum
935 2901 1054 2967 uincere·

102 2966 144 3020 M.
157 2970 185 3036 fl·
200 2967 248 3036 (W
249 2990 268 3036 .;
282 2968 320 3023 Μ,
334 2969 452 3035 memini,
467 2985 600 3038 superser.
615 2970 669 3035 „ut
685 2969 835 3040 Metuend‘).
871 2975 906 3025 tr.
922 2970 952 3025 Ο.
968 2971 1054 3025 Mem·

100 3038 171 3120 euius
188 3039 299 3094 {uanus
316 3043 355 3094 est
372 3039 429 3107 (vel
446 3044 485 3094 eut
502 3041 678 3123 coniunctus).
691 3055 753 3122 eum
770 3039 822 3094 D..·
843 3039 915 3123 hune
933 3039 961 3094 S.
980 3056 1055 3096 umus

100 3113 320 3263 ursas
337 3109 430 3235 ut
441 3107 553 3262 uu
572 3111 988 3304 ests
1001 3125 1054 3250 ur

101 3244 256 3320 ὑπερβολας
274 3248 367 3304 MRB.
387 3280 421 3291 -
440 3255 638 3308 constancium
661 3249 716 3320 (W.
735 3251 766 3310 et
786 3266 844 3306 sum
889 3253 915 3321 .).
955 3253 1054 3308 consti

101 3324 183 3376 tumst
200 3319 263 3390 Ml,
281 3319 376 3392 vulgo.
