2658 3986
407 236 669 293 EPISTOLARUM
686 237 732 292 VI.
754 244 794 292 12.
1018 238 1078 301 181

121 384 171 446 eet
194 381 321 466 datum,
344 381 430 464 quod
452 381 587 446 mirifica
610 385 659 446 est
680 381 870 466 improbitas
892 382 928 447 in
951 382 1081 466 quibus·

122 470 205 553 dam,
229 469 286 553 qui
308 469 460 537 tidissent
483 471 627 535 acerbius
651 471 777 535 veniam
799 470 859 536 tibi
882 469 960 553 dari,
983 492 1081 555 quam

121 558 169 622 illi
188 559 355 642 appellant
372 557 485 622 tubam
503 559 580 622 belli
599 559 700 623 civilis
714 559 877 643 multaque
895 559 941 623 ita
960 558 1080 642 dicunt,

122 647 215 730 qnasi
239 667 306 710 non
330 646 495 730 gaudeant
515 646 548 710 id
571 645 691 710 bellum
712 647 870 712 incidisse.
907 647 1012 722 Quare
1034 647 1079 712 vi·

123 756 195 798 snm
218 737 269 798 est
292 735 448 800 occultius
471 735 632 820 agendum
650 756 754 819 neque
774 737 841 801 ullo
859 735 955 800 modo
979 735 1079 800 divul-

123 822 268 907 gandum
291 823 330 887 de
351 826 384 886 te
407 823 473 886 iam
496 845 565 888 esse
583 825 775 908 perfectum;
797 825 853 889 sed
874 824 908 888 id
931 823 993 888 erit
1007 845 1079 908 per-

121 911 222 995 brevi,
244 931 305 975 nec
328 911 450 994 dubito,
473 912 551 995 quin
573 914 701 996 legente
722 913 837 976 tahas
855 913 980 978 litteras
1004 933 1079 977 con-

121 999 209 1064 fecta
231 1000 297 1063 iam
318 1021 370 1063 res
388 999 498 1063 futura
516 1000 571 1064 sit:
593 1000 701 1064 Pansa
719 1001 846 1084 quidem
863 1001 953 1085 mihi,
971 1001 1078 1086 gravis

121 1087 270 1152 homost
289 1091 403 1171 certus,
420 1108 488 1152 non
502 1090 607 1153 solum
625 1089 835 1172 confirmavit,
853 1110 964 1153 verum
982 1089 1080 1154 etiam

121 1176 247 1259 recepit
276 1177 479 1259 perceleriter
510 1197 545 1241 se
582 1176 764 1241 ablaturum
796 1176 946 1260 diploma.
998 1177 1080 1240 Mihi

121 1267 235 1328 tamen
256 1264 379 1348 placuit
400 1265 480 1329 haec
503 1265 544 1329 ad
565 1267 598 1329 te
620 1265 787 1349 perscribi3
809 1265 916 1332 minus
939 1265 1029 1332 enim
1046 1270 1079 1330 te

122 1353 254 1416 firmum
277 1374 381 1418 sermo
404 1352 581 1437 Eppuleiae
609 1357 683 1418 tuae
707 1353 920 1438 lacrimaeque
942 1352 1079 1438 Ampiae

123 1439 347 1524 declarabant,
375 1463 471 1524 quam
500 1442 684 1526 significant
710 1445 784 1507 tuae
811 1443 951 1526 litterae,
983 1447 1079 1527 atque

121 1529 198 1593 illac
226 1529 480 1614 arbitrabantur,
506 1531 659 1613 quoniam
691 1533 769 1595 ate
802 1531 951 1595 abessent
982 1531 1080 1615 ipsae,

123 1618 228 1681 multo
255 1618 291 1681 in
318 1619 464 1702 graviore
490 1620 523 1682 te
547 1639 623 1682 cura
649 1618 807 1702 futurum3
834 1641 932 1703 quare
959 1640 1078 1704 magno

124 1726 222 1789 opere
238 1705 283 1745 *²¹²
297 1707 408 1790 putavi
428 1707 558 1791 angoris
581 1711 614 1771 et
632 1707 750 1772 doloris
768 1707 818 1771 tui
836 1707 965 1773 levandi
984 1729 1080 1772 causa

123 1815 184 1878 pro
208 1795 303 1859 certis
335 1795 376 1858 ad
398 1799 430 1858 te
457 1815 508 1879 ea,
539 1817 620 1879 quae
652 1799 760 1860 essent
786 1799 886 1879 certa,
917 1796 1079 1879 perscribi.

124 1879 195 1946 Scis
217 1904 269 1947 me
292 1885 389 1946 antea
412 1883 456 1947 sic
480 1883 610 1948 solitum
633 1905 702 1948 esce
725 1884 862 1948 scribere
886 1884 927 1948 ad
948 1887 990 1969 te,
1012 1906 1077 1948 ma·
1102 1900 1115 1948 ι

125 1971 175 2056 gis
203 1975 241 2036 ut
268 1973 451 2036 consolarer
477 1971 595 2036 fortem
628 1972 732 2036 virum
764 1976 860 2055 atque
892 1973 1079 2056 sapientem,

125 2081 224 2142 quam
245 2064 284 2125 ut
306 2062 504 2144 exploratam
527 2081 617 2145 spem
640 2060 752 2124 salutis
775 2060 991 2143 ostenderem,
1017 2060 1080 2122 nisi

126 2169 211 2232 eam,
244 2170 340 2233 quam
368 2150 408 2214 ab
440 2150 512 2233 ipsa
541 2170 576 2213 re
608 2148 749 2233 publica,
781 2169 880 2231 quum
905 2146 959 2211 hic
986 2147 1081 2211 ardor

125 2238 301 2301 restinctus
325 2240 418 2321 esset,
441 2237 562 2323 sperari
585 2239 732 2322 oportere
756 2257 927 2300 censerem.
963 2235 1080 2300 Recor-

126 2325 203 2390 dare
225 2329 299 2390 tuas
321 2326 455 2409 litteras,
478 2326 593 2411 quibus
612 2328 645 2390 et
662 2347 817 2410 magnum
836 2324 979 2389 animum
1000 2323 1081 2388 mihi

127 2435 254 2498 semper
277 2414 446 2479 ostendisti
469 2418 501 2478 et
524 2415 564 2478 ad
588 2435 699 2478 omnes
723 2431 815 2478 casus
833 2413 983 2478 ferendos
1006 2433 1080 2478 con-

126 2505 269 2566 stantem
292 2524 329 2567 ae
352 2505 514 2587 paratum3
537 2503 622 2586 quod
646 2523 792 2587 egenen
810 2503 959 2585 mirabar,
982 2501 1081 2586 quum

125 2591 313 2655 recordarer
339 2594 371 2656 te
395 2594 428 2655 ct
450 2613 470 2654 a
491 2591 602 2674 primis
629 2592 827 2674 temporibus
851 2591 965 2654 aetatis
989 2591 1081 2654 inre

126 2679 257 2762 publica
279 2699 348 2743 esse
371 2682 533 2744 versatum
560 2682 593 2744 et
615 2682 689 2744 tuos
716 2678 924 2763 magistratus
953 2679 989 2743 in
1010 2679 1082 2761 ipsa

127 2767 314 2831 discrimina
335 2766 487 2832 incidisse
509 2767 622 2831 salutis
648 2768 914 2851 fortunarumque
942 2787 1082 2831 commu·

126 2855 219 2919 nium
242 2859 275 2920 et
296 2856 332 2919 in
354 2855 416 2920 hoc
438 2855 545 2938 ipsum
566 2855 687 2919 bellurn
710 2877 778 2918 esse
800 2855 993 2940 ingressum,
1014 2875 1082 2919 non

127 2943 233 3007 solum
255 2946 294 3007 ut
313 2943 417 3008 victor
443 2943 571 3027 beatae,
598 2943 653 3007 sed
681 2943 778 3006 etiam
801 2946 852 3026 ut,
879 2942 907 3006 si
928 2942 976 3007 ita
1002 2943 1082 3006 acci-

128 3030 238 3116 disset,
259 3032 364 3097 victus
387 3031 515 3116 sapiens
539 3052 633 3096 esses.
668 3030 802 3114 Deinde,
825 3052 923 3115 quum
942 3030 1117 3095 studiume

127 3123 221 3184 tuum
243 3137 414 3184 consumas
432 3121 468 3184 in
487 3120 629 3184 virorum
647 3119 780 3186 fortium
797 3119 892 3183 iactis
910 3118 1082 3183 memoriae

126 3208 315 3323 prodendis,
347 3208 548 3273 considerare
580 3208 676 3273 debes
702 3207 784 3273 nihil
814 3207 875 3271 tibi
902 3227 971 3270 esse
998 3226 1082 3270 ccm-

199 3433 251 3504 Ep
273 3439 352 3502 123.
390 3435 534 3504 quarrelli
552 3452 615 3503 app.
684 3404 893 3502 tparanete
908 3430 990 3496 Crat,
1004 3429 1082 3568 Bp·-

127 3505 219 3558 civilis
236 3507 402 3574 multaque(
392 3505 466 3572 (W.).
504 3521 535 3571 c,
554 3522 588 3558 m.
607 3523 645 3558 vu
657 3477 754 3574 ξιι-
772 3517 870 3571 acaprio
889 3504 1020 3570 operel‘*

127 3577 187 3630 saci
206 3575 272 3646 (Μ.)
310 3593 344 3629 ιιι.
363 3592 386 3629 o.
406 3591 467 3630 ere
479 3578 540 3644 p(
526 3523 679 3644 (Guilelmg,
694 3575 736 3642 B.)
755 3575 805 3626 aut
823 3571 914 3627 simile
933 3570 1046 3640 aliquid.
