2606 3994
252 233 317 300 518
534 233 571 290 Μ.
590 233 715 289 TULLII
733 231 925 289 CICERONIS

693 499 767 567 XII.

252 615 309 670 Sor.
333 614 485 670 incastris
509 615 545 670 ad
569 613 700 684 Cybistra
722 613 916 684 Cappadociae
946 613 1045 670 eodem
1069 612 1129 682 dio,
1157 629 1214 682 quc
1284 607 1285 680 f

578 702 622 756 ep.
642 693 665 756 7,
685 702 710 741 a.
729 704 757 742 u.
776 703 800 740 c.
820 691 879 740 703.

287 809 324 864 Μ.
340 809 469 865 CICERO
487 807 635 866 PROCOS.
655 809 683 866 S.
701 809 735 864 D.
753 809 784 866 L.
803 807 949 864 PAULLO
967 807 1042 864 COS.
1057 807 1178 864 DESIO.

218 925 232 972 1
318 907 392 974 Rtsi
417 909 498 974 mihi
520 931 697 994 numquam
723 909 787 974 fuit
812 909 960 992 dubium,
987 909 1068 993 quin
1094 911 1129 972 te
1155 930 1215 992 po·

252 998 347 1082 pulus
369 997 537 1065 Romanus
563 1022 623 1085 pro
646 999 711 1064 tuis
734 998 867 1063 summis
894 997 930 1062 in
951 1018 1020 1061 rem
1047 997 1215 1082 publicam

251 1085 375 1152 moritis
398 1089 432 1151 et
452 1110 512 1240 pro
531 1087 729 1173 amplissima
745 1086 887 1151 familiae
906 1085 1066 1172 dignitate
1084 1107 1215 1151 summo

253 1175 373 1260 studio,
405 1179 502 1240 cunct
502 1177 529 1240 is
561 1175 723 1268 suffragiis
750 1176 917 1240 consulam
942 1174 1089 1254 facturus
1119 1179 1214 1256 essct,

253 1267 363 1328 tamen
394 1264 574 1330 incredibili
604 1251 706 1330 ls'srit·
682 1268 730 1329 t1a
761 1285 833 1328 sum
863 1263 1009 1347 affectus,
1046 1285 1147 1348 quum
1179 1263 1212 1328 id

253 1352 333 1416 mihi
356 1353 543 1418 nuntiatum
561 1356 615 1418 est
609 1374 777 1438 eumque
798 1351 955 1417 honorem
971 1351 1033 1416 tibi
1050 1351 1129 1417 deos
1146 1351 1213 1417 for·

252 1444 368 1504 tunare
399 1441 474 1506 volo
507 1445 643 1526 atoque
676 1463 715 1506 ex
745 1445 804 1505 tua
830 1441 1051 1524 maiorumque
1080 1443 1213 1506 tuorum
1284 1449 1285 1460 ¹

220 1543 236 1592 a
255 1527 413 1613 dignitate
427 1528 655 1595 administrari.
690 1529 800 1614 Atque
813 1529 939 1594 utinam
951 1549 1106 1614 praesens
1119 1529 1213 1594 illum
1284 1539 1285 1544 ’

255 1616 340 1681 diem
365 1616 446 1681 mihi
473 1619 713 1702 optatissimum
742 1618 848 1684 videre
879 1617 1057 1702 potuissem
1088 1639 1213 1703 proque

254 1705 319 1770 tuis
347 1705 551 1791 amplissimis
583 1729 661 1794 erga
691 1729 743 1772 ma
772 1703 887 1771 studiis
919 1708 1015 1790 atquc
1047 1705 1212 1771 beneficiis

254 1794 315 1859 tibi
338 1815 469 1879 operam
492 1817 597 1861 meam
620 1796 824 1879 studiumque
846 1797 978 1859 navare!
1007 1816 1105 1879 quam
1131 1795 1212 1860 mihi

254 1883 444 1949 facultatem
466 1885 619 1968 quoniam
641 1884 695 1949 hio
721 1883 934 1968 necopinatus
956 1886 990 1947 et
1017 1883 1212 1969 improvisus

255 1972 439 2056 provinciae
458 1994 551 2038 casus
570 1973 696 2058 eripuit,
717 1976 837 2055 tamen,
854 1975 892 2036 ut
908 1975 940 2036 te
959 1973 1126 2037 consulem
1142 1993 1214 2037 rem

255 2061 418 2145 publicam
439 2083 499 2147 pro
516 2067 575 2126 tua
592 2062 750 2148 dignitate
769 2063 935 2147 gerentem
952 2060 1060 2126 videre
1080 2061 1214 2145 possim,

255 2171 375 2236 magno
398 2171 494 2234 opere
521 2173 542 2216 a
562 2153 596 2216 te
618 2154 708 2235 peto,
736 2153 775 2215 nt
800 2171 932 2234 oporam
958 2149 1014 2214 des
1036 2149 1058 2229 †
1081 2148 1214 2232 efficias,

255 2259 297 2305 na
325 2238 402 2322 quid
423 2239 505 2304 mihi
530 2239 588 2304 fiat
614 2239 749 2304 iniuriae
775 2259 857 2303 neve
884 2237 961 2321 quid
987 2237 1143 2322 temporis
1172 2238 1214 2302 ad

256 2347 364 2392 meum
382 2348 525 2393 annuum
543 2349 661 2393 munus
679 2326 822 2409 accedat3
845 2326 931 2410 quod
950 2326 977 2390 si
999 2325 1123 2410 feceris,
1145 2348 1214 2391 ma·

256 2435 341 2500 gnus
355 2415 396 2480 ad
413 2418 472 2482 tua
484 2417 622 2500 pristina
636 2437 713 2502 arga
726 2437 778 2480 me
792 2414 899 2480 studia
913 2415 1059 2480 cumulus
1073 2414 1214 2481 accedet.

688 2625 779 2693 XIII.

275 2735 333 2794 Sor.
351 2735 382 2794 iu
401 2736 500 2794 Cilicia
518 2741 617 2796 eodem
634 2741 770 2812 tempore,
788 2757 844 2812 quo
862 2739 914 2811 Ep.
935 2745 976 2808 10,
996 2756 1021 2794 a.
1039 2757 1067 2794 u.
1085 2755 1110 2796 c.
1130 2745 1191 2794 704.

389 2863 427 2918 M.
446 2862 576 2920 CICERO
596 2865 668 2920 IMP.
689 2865 716 2922 S.
735 2865 768 2920 D.
788 2864 819 2920 L.
836 2863 980 2919 PAULLO
1000 2861 1074 2919 COS.

223 2977 237 3026 1
323 2960 464 3028 Maxime
489 2964 570 3028 mihi
595 2964 660 3030 fuit
687 2967 835 3050 optatum
860 2963 984 3030 Romae
1013 2967 1213 3029 essetecum

257 3051 376 3117 multas
399 3050 441 3116 ob
464 3072 586 3137 causas,
609 3053 665 3118 sed
687 3053 882 3138 praecipuo,
896 3056 934 3117 ut
961 3056 994 3117 et
1015 3052 1051 3118 in
1072 3052 1213 3137 petendo

258 3143 291 3206 et
308 3142 344 3206 in
363 3141 503 3227 gerendo
523 3143 692 3207 consulatu
711 3163 817 3208 meum
834 3141 895 3206 tibi
912 3140 1057 3206 debitum
1071 3141 1213 3207 studium
1284 3203 1285 3208 ,

328 3369 380 3440 ap.
401 3376 441 3428 ιι.
481 3369 643 3426 ravano
661 3371 729 3440 (n).
766 3369 902 3425 anro
921 3371 950 3426 a.
989 3376 1013 3426 ι.
1040 3371 1176 3441 aestiua
1191 3385 1215 3424 s.
1284 3341 1285 3356 '

259 3441 334 3510 (W).
375 3441 417 3508 ἀ..
439 3457 461 3496 s.
480 3441 574 3511 vulgo.
620 3447 645 3496 2.
672 3442 718 3496 dea
735 3445 753 3508 †
771 3442 876 3508 efficias
899 3441 974 3511 (W.).
1020 3441 1078 3508 deu,
1101 3443 1214 3506 euitare,

258 3512 302 3651 a
321 3511 387 3636 u>
406 3511 1022 3650 sacrararumalo
1043 3513 1098 3581 u·
1118 3515 1147 3566 ι
1162 3512 1213 3582 a·
