2652 3982
558 1011 668 1068 11111
685 1012 873 1069 succinos.

347 1136 424 1206 AD.
454 1137 498 1204 M.
524 1138 727 1206 MARIUM
757 1139 821 1206 ΕΤ
849 1137 1081 1208 CETEROS.

697 1313 723 1380 L
771 1313 772 1316 ,

518 1433 575 1488 Sor.
595 1433 700 1489 Romae
719 1451 743 1489 a.
763 1453 790 1490 u.
809 1441 907 1490 1699.

471 1574 508 1629 M.
528 1573 656 1631 CICERO
677 1575 703 1630 S.
722 1575 755 1630 D.
773 1575 811 1631 M.
829 1577 954 1632 MARIO.

200 1695 215 1745 1
303 1679 392 1748 site
415 1682 507 1748 dolor
533 1684 633 1768 aliqui
660 1685 802 1768 corporis
830 1689 887 1749 111
913 1686 1083 1751 infirmitas
1106 1687 1188 1752 vale-

234 1771 356 1835 tudinis
383 1774 458 1836 tuaa
485 1773 604 1856 tenuit,
635 1794 698 1856 111
726 1774 833 1837 minus
862 1772 903 1837 ad
933 1775 1027 1840 ludos
1045 1776 1189 1860 uenires,

233 1858 385 1924 fortunae
416 1860 520 1945 magis
551 1861 659 1925 tribuo
691 1883 788 1944 quam
815 1861 990 1945 sapientiae
1017 1867 1106 1946 tuae,
1137 1864 1188 1927 sin
1321 1920 1322 1959 ,

233 1948 323 2032 haec,
345 1970 427 2032 quae
446 1949 728 2032 ceterimirantur,
751 1950 987 2014 contemnenda
1005 1950 1124 2014 duxisti
1147 1956 1188 2036 et,

234 2058 334 2120 quum
360 2059 419 2122 per
447 2037 663 2102 valetudinem
694 2059 819 2122 posses,
849 2038 958 2103 venire
989 2041 1099 2103 tamen
1130 2060 1186 2104 no·

233 2125 336 2210 luisti,
362 2129 533 2210 utrumque
556 2126 672 2210 laetor,
699 2129 733 2191 et
754 2127 824 2190 sine
847 2126 957 2191 dolore
984 2126 1127 2210 corporis
1154 2131 1186 2192 11

232 2213 333 2278 fuisse
356 2217 390 2278 et
411 2215 519 2279 animo
541 2215 689 2298 valuisse,
712 2235 811 2298 quum
834 2235 880 2298 ea,
903 2235 984 2298 quae
1004 2215 1072 2278 sine
1090 2236 1187 2280 causa

232 2303 392 2366 mirantur
415 2303 482 2386 alii,
509 2303 701 2387 neglexeris,
733 2301 828 2366 modo
860 2306 899 2367 11
923 2302 983 2366 tibi
1006 2303 1187 2367 constiterit

232 2389 357 2453 fructus
389 2389 448 2453 otii
479 2390 542 2473 tui,
573 2411 636 2473 quo
664 2390 793 2472 quidem
819 2389 879 2454 tibi
905 2391 1027 2474 perfrui
1054 2391 1185 2456 mirifice

231 2476 336 2559 licuit,
363 2498 462 2560 quum
490 2499 576 2542 11111
603 2478 639 2541 in
659 2478 724 2542 ista
747 2478 941 2544 amoenitate
967 2500 1070 2562 paene
1098 2480 1185 2546 solus

232 2564 372 2629 relictus.
416 2563 530 2648 Neque
552 2568 663 2630 tamen
685 2566 811 2650 dubito,
833 2567 912 2650 quin
933 2570 971 2631 tu
996 2567 1032 2630 in
1053 2567 1110 2632 illo
1133 2588 1186 2632 cu-

232 2651 338 2718 biculo
370 2656 442 2736 tuo,
473 2674 512 2716 ex
544 2675 607 2736 quo
638 2653 699 2718 tibi
729 2653 917 2719 Stabianum
949 2655 1121 2738 perforasti
1153 2659 1186 2720 ct

231 2741 412 2824 patefecisti
434 2739 605 2825 Misenum,
626 2763 684 2826 per
703 2763 758 2808 eos
777 2743 843 2808 dics
860 2743 1021 2807 matutina
1038 2747 1186 2828 tempora

231 2828 433 2894 lectiunculis
456 2831 703 2914 consumpseris,
726 2853 825 2916 quum
846 2831 895 2894 illi
916 2831 1052 2914 interea,
1074 2833 1130 2916 qui
1151 2835 1184 2896 te

231 2916 304 2980 istic
330 2917 541 3002 reliquerunt,
573 2921 757 3003 spectarent
782 2941 968 2984 communes
994 2920 1109 2984 mimos
1137 2942 1183 2984 11

231 3005 390 3069 misomni.
426 3004 580 3090 Reliquas
602 3028 679 3072 vero
701 3009 810 3091 partes
832 3007 895 3071 diei
916 3011 953 3070 11
972 3007 1183 3072 consumebas

230 3093 271 3158 iis
289 3093 564 3178 delectationibus,
583 3116 663 3178 quas
681 3096 741 3159 tibi
758 3095 828 3178 ipse
847 3095 888 3160 ad
906 3095 1073 3159 urbitium
1091 3099 1183 3160 tuum

231 3201 445 3267 compararas,
461 3183 557 3248 nobis
575 3186 684 3247 autem
702 3188 795 3248 erant
812 3204 850 3248 ea
866 3183 1083 3268 perpetienda,
1102 3205 1183 3272 quac

195 3267 284 3353 281).
307 3269 449 3335 Μ111111
472 3271 681 3354 probavisset
727 3270 876 3354 Omnino,
899 3271 926 3335 si
950 3271 1089 3356 quaeris,
1116 3271 1182 3336 ludi

231 3359 481 3442 apparatissimi,
511 3359 567 3423 sed
593 3380 662 3424 non
683 3359 732 3425 tui
764 3358 934 3441 stomachi3
965 3359 1181 3424 coniecturam

231 3445 318 3508 enim
339 3446 423 3511 facio
447 3446 486 3511 de
508 3468 593 3512 mco:
616 3468 694 3512 nam
715 3447 856 3534 primum
877 3447 1009 3511 honoris
1032 3448 1182 3512 11111111

231 3551 359 3597 scenam
386 3535 548 3600 redierant
578 3535 615 3618 ii,
646 3557 727 3619 quos
759 3556 819 3621 ego
850 3534 982 3600 honoris
1014 3556 1112 3603 causa
1142 3535 1181 3600 da
