2652 3982
188 222 227 275 M.
248 220 372 276 TULLII
390 221 580 278 CICERONIS
599 221 859 277 EPISTOLARUM
875 221 936 278 VII.
958 227 981 276 t.
1021 220 1086 285 193

124 388 224 432 scena
238 366 412 432 decessisse
426 367 619 450 arbitrabar3
643 366 774 432 deliciae
788 389 864 432 raro
878 370 963 451 tuae,
974 370 1087 433 noster

124 455 290 540 Aesopus,
317 455 475 520 eiusmodi
500 455 578 540 fuit,
604 458 643 520 ut
668 456 699 522 ei
721 455 866 522 desinere
893 476 952 540 per
974 477 1086 522 omnes

124 544 277 609 homines
299 543 423 608 liceret:
445 543 474 608 is
496 544 602 609 iurare
620 567 721 629 quum
740 545 909 629 coepisset,
931 565 995 610 vox
1010 565 1086 608 eum

126 632 247 696 defecit
267 632 304 697 in
324 632 381 697 illo
404 633 490 698 loco:
512 633 559 718 „si
578 633 682 700 sciens
700 631 806 700 fallo“.
843 631 927 709 Quid
944 632 1005 698 tibi
1024 653 1086 718 ego

127 721 192 784 alia
214 720 365 785 narrem?
388 721 477 786 noeti
499 721 587 786 enim
608 723 749 807 reliquos
770 721 879 807 ludos,
906 722 963 806 qui
989 741 1031 786 ne
1052 721 1087 786 id
1211 715 1213 720 ’

127 809 259 892 quidem
285 809 405 893 leporis
434 809 631 894 habuerunt,
664 811 750 895 quod
778 812 884 876 solent
910 809 1086 876 mediocres

127 897 209 980 ludi,
231 900 407 982 apparatum
429 897 517 962 enim
541 901 696 983 spectatio
723 900 860 964 tollebat
887 919 1016 966 omnem
1038 899 1087 964 hi·

127 986 304 1071 laritatem,
335 1007 399 1070 quc
432 987 561 1071 quidem
584 991 742 1073 apparatu
769 1009 838 1054 non
867 988 980 1054 dubito
1009 989 1088 1072 quin

128 1075 237 1140 animo
259 1075 454 1159 aequissimo
478 1077 633 1159 carueris3
656 1077 733 1160 quid
755 1077 843 1142 enim
865 1076 1088 1142 delectacionis

128 1163 254 1228 habent
273 1164 416 1228 sexcenti
438 1165 518 1230 muli
536 1164 573 1230 in
591 1162 848 1249 Clytaemnestra
863 1165 974 1230 autin
992 1163 1088 1249 Equo

130 1251 273 1317 Troiano
296 1255 508 1318 creterrarum
530 1253 595 1318 tria
616 1254 707 1326 milia
729 1257 786 1320 aut
812 1255 977 1318 armatura
998 1253 1090 1318 varia
1186 1313 1189 1318 .

128 1341 293 1424 peditatus
317 1344 351 1406 et
372 1341 535 1425 equitatus
557 1341 593 1408 in
606 1344 627 1422 †
641 1343 750 1426 edique
771 1342 904 1428 pugna?
926 1364 1010 1428 quae
1032 1364 1089 1427 po-

130 1430 279 1513 pularem
293 1429 539 1496 admirationem
552 1430 745 1516 habuerunt,
763 1431 1010 1498 delectationem
1027 1431 1088 1496 tibi

129 1518 255 1582 nullam
282 1519 475 1584 attidissent.
521 1518 614 1596 Quod
641 1521 670 1586 si
696 1525 733 1586 tu
759 1542 817 1606 per
839 1542 895 1588 eos
923 1521 990 1586 dies
1014 1535 1123 1604 ope-3

128 1628 200 1672 ram
224 1606 340 1672 dedisti
361 1605 538 1693 Protogeni
560 1612 631 1693 tuo,
658 1610 832 1676 dummodo
859 1609 888 1675 is
915 1608 976 1674 tibi
998 1609 1089 1693 quid·

130 1695 179 1760 ris
211 1694 320 1779 potius
357 1717 454 1779 quam
491 1698 653 1764 orationes
689 1719 779 1763 meas
814 1698 944 1783 legerit,
979 1719 1021 1762 ne
1052 1700 1089 1762 tu

129 1783 219 1848 haud
240 1785 350 1868 paullo
373 1786 567 1869 plusquam
589 1787 760 1870 quisquam
782 1790 930 1852 nostrum
953 1786 1090 1852 delecta-

129 1872 230 1937 tionis
266 1873 422 1956 habuisti3
458 1895 526 1940 non
558 1877 644 1940 enim
680 1879 713 1940 te
745 1878 824 1960 puto
861 1874 1001 1940 Graecos
1033 1878 1091 1939 aut

131 1959 233 2026 Oscos
264 1961 358 2026 ludos
391 1961 600 2047 desiderasse,
635 1965 826 2048 praesertim
858 1985 958 2048 quum
990 1962 1090 2028 Oscos

130 2051 182 2114 vel
209 2048 246 2114 in
277 2053 392 2115 senatu
423 2053 531 2116 vestro
563 2056 708 2136 spectare
735 2051 855 2136 possis,
877 2051 1017 2116 Graecos
1043 2051 1091 2114 ita

130 2160 200 2203 non
218 2160 316 2222 amer,
338 2142 433 2203 utne
451 2140 493 2206 ad
511 2139 622 2204 villam
640 2141 769 2224 quidem
788 2143 878 2204 tuam
898 2140 952 2204 ria
969 2137 1091 2204 Graeca

130 2227 177 2291 irc
202 2227 315 2292 soleas.
360 2226 446 2292 Nam
468 2229 546 2312 quid
568 2250 629 2314 ego
651 2233 685 2294 te
708 2229 848 2294 athletas
874 2231 987 2314 putem
1009 2227 1090 2292 desi·

131 2315 254 2400 derare,
271 2316 327 2399 qui
345 2316 541 2401 gladiatores
560 2317 814 2403 contempseris?
836 2318 872 2382 in
891 2317 1007 2400 quibus
1020 2316 1091 2400 ipse

130 2402 306 2489 Pompeius
329 2404 501 2470 confitetur
527 2428 562 2472 se
585 2411 619 2472 et
640 2429 773 2493 operam
802 2409 835 2472 et
858 2407 965 2471 oleum
986 2405 1090 2492 perdi·

131 2493 227 2557 disse.
281 2492 436 2577 Reliquae
469 2497 546 2560 sunt
576 2497 765 2562 venationes
796 2495 892 2562 binae
928 2517 987 2580 per
1023 2495 1091 2560 dies

132 2582 288 2665 quinque,
315 2581 506 2668 magnificae
528 2619 573 2632 -
595 2606 691 2651 nemc
718 2587 819 2671 negat
840 2621 897 2668 -,
925 2583 982 2648 sed
1009 2605 1091 2668 quae

131 2673 242 2754 potest
253 2669 380 2735 homini
398 2692 468 2735 esse
485 2672 588 2756 polito
606 2672 787 2756 delectatio,
806 2695 905 2757 quum
922 2676 981 2736 aut
992 2672 1092 2738 homo

131 2758 313 2824 imbecillus
337 2781 357 2822 a
378 2760 600 2826 valentissima
626 2761 732 2826 bestia
753 2761 895 2826 laniatur
922 2765 980 2826 aut
1001 2782 1091 2846 prae·

133 2847 223 2912 clara¹
243 2847 347 2912 bestia
369 2849 529 2914 venabulo
548 2850 848 2915 transverberatur?
871 2871 953 2934 quae
972 2852 1093 2934 tamen,

133 2934 161 2998 si
183 2935 324 3000 videnda
346 2939 432 3021 sunt,
455 2959 550 3022 saepe
573 2939 691 3022 vidisti,
714 2960 818 3023 neque
841 2959 910 3023 nos,
933 2938 989 3023 qui
1011 2939 1092 3004 haec

133 3024 363 3109 spectavimus,
398 3025 574 3110 quidquam
605 3028 682 3092 novi
717 3027 864 3093 vidimus.
918 3027 1092 3094 Extremus

132 3111 381 3196 elephantorum
414 3113 481 3178 dies
513 3115 588 3180 fuit:
611 3117 656 3205 ,in
686 3135 751 3200 quo
779 3117 948 3182 admiratio
971 3135 1093 3200 magna

203 3285 256 3356 Ep.
276 3294 300 3356 1,
315 3295 339 3342 2.
376 3289 515 3343 mendose
541 3289 613 3356 (edd.
637 3293 725 3359 vett).
769 3292 870 3346 measse
886 3289 951 3344 ΜΒ.
971 3318 1004 3328 -
1028 3288 1092 3352 Μ

133 3357 229 3426 aliqua
242 3374 343 3428 papan
361 3359 436 3428 (W.)
477 3361 509 3414 ire
527 3359 634 3415 Navali
653 3362 757 3431 Pupam
776 3361 862 3431 (Or.)?
903 3361 935 3414 tn
953 3376 978 3412 a.
993 3375 1024 3427 p.
1043 3359 1090 3424 M,

134 3427 227 3498 vulgo.
274 3435 299 3483 3.
330 3429 411 3484 Oscos
433 3431 475 3484 oet
502 3429 596 3500 (Solu).
644 3431 725 3487 Oscos
748 3433 841 3487 eludas
864 3431 1028 3486 desideruau
1049 3431 1091 3483 cel

134 3497 270 3623 mast),
295 3501 374 3555 ludos
397 3501 439 3555 oet
464 3499 529 3570 Mt,
552 3501 582 3557 B.
612 3532 645 3543 -
672 3504 851 3572 spectauimus
874 3501 939 3571 (u).
989 3504 1090 3569 specta·

187 3657 300 3700 Ciceronis
314 3661 377 3708 epist.
391 3663 409 3704 1.
844 3667 876 3715 13
