2676 3984
237 228 301 294 306
519 229 555 283 Μ.
575 227 698 283 TULLII
711 227 909 284 CICERONIS

237 373 278 439 ad
298 373 404 438 officia
423 376 608 456 certantem,
631 375 790 457 equitatus
810 375 1062 460 auxiliorumque
1082 378 1194 442 tantas

237 462 363 547 copias,
390 466 527 545 quantas
550 461 611 526 hae
639 466 751 547 gentes
775 462 816 527 ad
839 463 1073 529 defendendam
1100 487 1194 529 suam

238 551 374 616 salutem
406 550 651 634 libertatemque
680 551 835 615 conficere
864 557 1014 637 possunt3
1045 554 1114 638 ipse
1146 553 1195 618 ita

238 662 309 704 sum
341 639 448 704 animo
482 642 612 718 paratus
644 640 694 703 vel
721 640 920 725 provinciam
947 641 1030 705 tueri
1056 641 1108 706 vel
1136 641 1195 726 ire,

238 750 300 811 quo
319 749 370 792 res
388 727 518 812 publica
536 730 637 812 vocet,
659 728 710 792 vel
728 729 854 793 tradere
873 729 1055 814 exercitum,
1073 731 1195 794 auxilia

237 817 507 901 provinciamque,
529 820 566 881 ut
587 817 638 880 vel
662 839 789 881 omnem
811 819 966 902 impetum
984 818 1061 883 belli
1083 819 1118 882 in
1141 840 1193 882 me

238 907 423 970 convertere
451 926 518 969 non
548 926 705 988 recusem,
737 906 764 969 si
796 905 891 971 modo
923 928 995 971 meo
1028 928 1104 972 casu
1136 911 1196 971 aut

238 994 428 1061 confirmare
459 994 582 1079 patriae
615 994 752 1058 salutem
783 998 840 1059 aut
866 995 1043 1080 periculum
1069 996 1194 1080 possim

210 1086 365 1152 rmorari.
400 1089 486 1150 Haec
509 1085 537 1149 si
559 1085 624 1149 iam
647 1084 801 1169 expeditis
821 1085 970 1150 omnibus
991 1085 1085 1149 rebus
1103 1088 1194 1148 tran·

238 1177 400 1261 quilloque
424 1177 510 1238 statu
539 1173 677 1239 civitatis
700 1174 867 1258 polliceor,
893 1174 929 1238 in
956 1173 1073 1239 damno
1101 1195 1194 1237 meae

236 1265 341 1329 laudis
364 1265 409 1328 rei
432 1263 579 1349 publicae
597 1262 765 1327 commodo
784 1262 942 1347 laetabor3
966 1263 1015 1327 sin
1034 1261 1075 1326 ad
1094 1262 1193 1326 socie·

237 1357 338 1417 tatem
367 1351 648 1436 integerrimorum
675 1354 708 1414 et
735 1351 946 1415 maximorum
978 1351 1194 1435 periculorum
1314 1395 1315 1400 κ

238 1440 396 1522 accedam,
421 1439 555 1505 consilia
576 1461 648 1504 mea
671 1440 781 1524 aequis
798 1438 956 1505 iudicibus
974 1440 1015 1505 ab
1035 1440 1193 1505 obtrecta-

238 1531 326 1596 tione
349 1530 532 1594 invidoru'm
554 1528 755 1593 defendenda
777 1529 975 1594 commendo.
1020 1527 1102 1592 Mihi
1125 1528 1193 1613 qui·

239 1620 311 1685 dem
333 1618 396 1703 ipsi
418 1619 542 1682 fructus
559 1615 747 1681 meritorum
764 1639 907 1682 meorum
925 1619 961 1681 in
981 1618 1027 1682 rei
1044 1616 1193 1702 publicae

238 1707 459 1774 incolumitate
491 1706 570 1770 satis
601 1727 739 1791 magnus
771 1710 820 1796 est
847 1710 992 1791 paratus,
1025 1727 1079 1770 eos
1106 1727 1192 1788 vero,

239 1797 295 1881 qui
326 1818 430 1860 meam
460 1795 684 1860 auctoritatem
716 1799 748 1858 et
784 1796 885 1859 multo
917 1795 1021 1880 magis
1052 1799 1192 1859 vestram

239 1887 335 1950 fidem
358 1885 457 1950 secuti
480 1905 549 1948 nec·
562 1884 627 1949 ulla
651 1905 706 1968 spe
730 1883 833 1967 decipi
855 1905 914 1949 nec
933 1884 999 1949 ullo
1020 1888 1108 1948 metu
1130 1887 1193 1948 ter·

239 1977 302 2040 reri
324 1977 508 2058 potuerunt,
530 1976 568 2038 ut
590 1972 830 2038 commendatos
852 1972 942 2039 vobis
960 1972 1116 2057 habeatis,
1139 1993 1193 2057 pe-

238 2064 372 2129 tendum
394 2061 528 2128 videtur.

685 2251 743 2320 IX.

241 2370 297 2426 Sor.
316 2371 346 2424 in
364 2370 457 2424 Gallia
475 2369 652 2423 Narbonensi
667 2371 785 2422 exeunte
798 2384 893 2424 mense
908 2367 998 2438 Aprili
1013 2384 1038 2422 a.
1052 2387 1080 2424 u.
1093 2385 1118 2424 c.
1133 2376 1191 2424 711.

491 2491 656 2546 eunucus
675 2491 845 2547 crcaaom
863 2491 939 2547 sna.
973 2459 975 2464 ’

214 2589 228 2632 ²
306 2589 397 2656 Nihil
415 2614 466 2656 me
484 2592 544 2656 tibi
561 2595 680 2657 temere
699 2596 756 2656 aut
772 2596 805 2657 te
824 2593 937 2658 ceteris
955 2595 992 2660 dc
1008 2616 1060 2659 me
1073 2593 1194 2660 frustra

240 2681 396 2765 recepisse
414 2682 529 2747 laetor:
550 2684 635 2745 certe
652 2680 716 2746 hoc
732 2682 836 2746 maius
854 2681 955 2747 habes
973 2683 1195 2749 testimonium

240 2770 359 2836 amoris
381 2770 453 2853 mei,
475 2792 539 2854 quo
557 2769 714 2834 maturius
731 2770 791 2835 tibi
809 2777 905 2855 quam
924 2773 1037 2836 ceteris
1060 2773 1196 2838 consilia
1310 2765 1311 2772 ἵ

240 2879 312 2922 mea
334 2858 421 2924 volui
445 2880 513 2923 esse
536 2862 623 2924 nota.
659 2857 699 2922 In
720 2857 786 2924 dies
809 2881 885 2924 vero
903 2860 1091 2925 meritorum
1109 2883 1195 2928 meo·

240 2969 312 3011 rum
330 2946 399 3010 fieri
418 2947 615 3013 accessiones
634 2947 798 3032 pervidere
816 2952 849 3012 te
869 2969 971 3033 spero,
990 2950 1195 3034 cogniturum

205 3035 344 3122 nmagis
367 3035 495 3119 recipio.
540 3035 633 3110 Quod
656 3036 696 3099 ad
720 3058 770 3100 me
793 3035 923 3122 attinet,
949 3037 994 3101 mi
1017 3033 1128 3104 Cicero
1150 3076 1196 3086 -

240 3125 288 3189 ita
306 3124 346 3189 ab
365 3123 607 3188 imminentibus
625 3124 718 3188 malis
736 3145 787 3188 res
805 3125 934 3210 publica
951 3147 1003 3190 me
1022 3125 1195 3193 adiuvante

240 3214 405 3278 liberetur!
430 3248 471 3259 -
495 3212 541 3276 sic
553 3210 694 3277 honores
707 3213 912 3297 praemiaque
925 3218 1034 3279 vestra
1047 3216 1196 3300 suspicio,

311 3441 363 3511 Ep.
383 3447 407 3507 8,
422 3447 447 3496 o.
479 3445 599 3510 parolus
616 3440 657 3494 cel
671 3439 784 3510 (sicil.)
881 3459 947 3495 aua.
962 3444 1197 3513 provinciamque,

242 3515 273 3564 at
290 3511 330 3564 vel
350 3511 421 3578 (edd.
440 3513 529 3578 vett).
561 3526 636 3579 par,
654 3515 686 3564 ut
702 3511 743 3565 cel
761 3510 811 3580 (sic
830 3510 940 3580 Graev.)
1040 3531 1066 3569 a.
1080 3516 1194 3583 provin·

242 3581 363 3650 clamque
380 3581 421 3634 vel
438 3579 485 3648 M,
503 3581 533 3634 B.
