2578 3978
376 173 634 230 EPISTULARUM
653 172 674 226 Ι.
695 179 717 226 1.
737 179 761 226 2.
1029 171 1050 236 3

5 328 7 402 l
106 318 203 402 nasu,
226 340 289 384 non
316 323 393 384 sunt
415 319 523 402 amiei3
549 339 609 384 nos
636 318 671 382 in
700 338 796 382 causa
824 293 1086 384 auctoritatemr

107 428 147 470 eo
169 406 313 472 minorem
335 407 506 491 habemus,
533 407 619 490 quod
640 406 701 471 tibi
725 406 901 506 debemus,
912 407 986 490 grat
986 405 1051 468 iam

105 497 209 558 autem
229 499 372 560 nostram
395 496 572 580 exstinguit
593 495 762 560 hominum
785 493 938 578 suspicio,
965 492 1052 577 quod

103 581 249 666 Pompeio
271 605 304 648 se
328 583 503 668 gratificari
530 586 747 668 putanti
699 581 778 649 Ut'
768 604 803 648 1n
830 582 926 646 rebus
948 582 1051 647 multo

104 673 187 754 aute,
208 693 300 756 quam
321 671 487 756 profectus
511 693 553 754 es,
577 672 617 736 ab
640 672 711 756 ipso
726 691 801 756 rege
825 674 858 734 et
873 670 914 734 ab
928 669 1051 734 intimis

103 780 141 822 ae
163 759 339 825 domesticis
362 759 507 845 Pompeii
529 761 612 824 elam
635 759 836 843 exulceratis,
859 758 974 824 deinde
996 779 1052 842 pa·

102 847 167 911 lam
188 869 207 911 a
228 848 448 913 consularibus
476 848 647 934 exagitatis
675 850 707 912 et
733 848 769 913 in
791 868 949 912 summam
970 846 1052 911 invi·

102 934 187 998 diam
208 935 362 1020 adductis,
383 937 430 1000 ita
451 957 630 1002 versamur:
653 939 729 1001 nost
729 958 799 1000 ram
821 935 917 1000 fidem
931 955 1053 1037 omnes,

101 1045 240 1088 amorem
260 1025 310 1088 tui
338 987 480 1090 absentis
504 1028 689 1109 praesentes
716 1025 765 1089 tui
788 1022 1053 1108 cognoscent3si

101 1113 214 1176 esset
205 1133 240 1176 m
266 1112 306 1176 iis
333 1113 461 1197 fides,
452 1135 488 1177 1n
515 1112 631 1196 quibus
660 1134 785 1177 summa
811 1132 880 1176 esse
908 1111 1054 1212 debebat,

100 1221 169 1264 non
191 1199 419 1266 laboraremus

553 1393 596 1460 Π.

177 1504 233 1561 Ser.
247 1506 351 1560 Romae
366 1521 391 1559 a.
406 1506 433 1560 d.
448 1506 521 1560 XVI.
536 1505 598 1560 Kal.
613 1506 780 1562 Februarias
794 1521 819 1560 a.
833 1524 860 1560 u.
876 1523 898 1560 o.
914 1511 975 1560 698.

245 1629 282 1684 Μ.
297 1628 425 1686 CICERO
441 1629 468 1684 S.
482 1629 516 1684 D.
530 1629 561 1686 P.
575 1628 908 1702 Lnnrunogrnocos

165 1727 277 1794 Idibus
293 1729 454 1794 Ianuariis
480 1730 517 1794 in
544 1733 659 1795 senatu
685 1729 768 1794 nihil
790 1733 840 1794 est
865 1727 1090 1814 confectum,1

95 1820 272 1902 propterea
300 1818 386 1902 qnod
413 1818 481 1883 dies
508 1839 628 1903 magna
659 1840 698 1882 ex
726 1820 818 1902 parte
847 1825 1056 1902 consumptus

95 1909 146 1971 est
169 1905 378 1971 altercatione
401 1905 533 1970 Lentuli
555 1907 696 1971 consulis
724 1909 758 1970 et
780 1903 907 1971 Caninii
934 1906 1057 1970 tribuni

95 1995 138 2080 pl.
179 1991 230 2059 Eo
253 1993 304 2058 die
326 2015 387 2060 nos
411 2016 537 2078 quoque
560 1994 663 2059 multa
684 1994 784 2060 verba
800 1995 935 2059 fecimus
958 1993 1056 2058 maxi-

94 2082 304 2235 miquiacliSi
335 2103 448 2235 sumrirlsl
476 2085 625 2234 senatplm
650 2082 1057 2233 commemorationptpuae

95 2193 137 2236 vo
153 2191 202 2236 un
265 2192 279 2233 s
308 2191 386 2235 era
449 2193 506 2236 um
533 2193 569 2236 or
603 2193 679 2236 nem
729 2189 899 2235 armavere.
1017 2189 1057 2233 ue

92 2257 257 2344 postridie
279 2191 401 2343 placguit
427 2259 628 2325 utbreviter
650 2193 845 2324 senientiam
867 2189 1057 2340 diceremirs3

92 2346 272 2412 videbatur
285 2347 372 2412 enim
385 2348 592 2413 reconciliata
604 2348 698 2413 nobis
713 2348 863 2412 voluntas
883 2366 952 2410 esse
966 2366 1058 2410 sena·

92 2441 168 2520 tus,
198 2435 407 2520 quodquam
429 2435 578 2520 dicendo,
604 2439 676 2500 tum
698 2434 834 2521 singulis
858 2433 1059 2518 appellandis

92 2523 318 2610 rogandisque
345 2544 582 2608 perspexeram3
613 2525 736 2608 itaque,
768 2544 866 2607 quum
899 2521 1059 2587 sententia

92 2613 208 2697 prima
220 2609 329 2676 Bibuli
342 2613 553 2696 pronuntiata
575 2615 668 2695 esset,
689 2615 727 2676 ut
747 2614 814 2675 tres
836 2610 937 2695 legati
949 2630 1060 2695 regem

94 2701 305 2784 reducerent,
332 2700 472 2775 secunda
493 2698 674 2784 Hortensii,
703 2702 741 2764 ut
762 2703 799 2764 tu
827 2698 896 2764 sine
919 2697 1059 2764 exercitu

95 2786 285 2871 reduceres,
315 2789 413 2852 tertia
439 2787 594 2871 Volcatii,
624 2791 662 2852 ut
687 2786 860 2872 Pompeius
886 2787 1060 2872 reduceret,

94 2877 304 2960 postulatum
325 2880 383 2958 est,
404 2880 443 2941 ut
455 2875 564 2941 Bibuli
579 2877 740 2940 sententia
753 2875 959 2942 divideretur:
984 2897 1060 2960 qua·

95 2969 199 3028 tenus
222 2962 261 3028 de
283 2964 437 3050 religione
461 2964 601 3048 diceba,
624 2965 675 3028 cui
698 2964 827 3049 quidem
848 2965 895 3029 rei
917 2965 983 3028 iam
1005 2964 1060 3029 ob·

97 3053 175 3118 sisti
202 3073 270 3117 non
296 3055 355 3137 pot
356 3055 438 3137 erat,
410 3051 582 3118 tBibulo
611 3072 777 3117 assensum
800 3056 861 3136 est,
834 3053 970 3118 tdet
956 3052 1059 3116 tribus

95 3139 220 3226 legatis
247 3139 431 3224 frequentes
458 3139 601 3205 ierunt
591 3163 629 3205 rn
656 3141 719 3205 alia
749 3140 866 3207 omnia.
910 3139 1095 3206 Proximaa

97 3231 176 3294 erat
197 3227 365 3294 Hortensii
388 3230 526 3293 sentent
517 3250 558 3314 ra,
581 3250 680 3312 quum
693 3227 813 3330 Lupus,
835 3229 984 3292 tribunus
1007 3225 1060 3324 pl,

96 3316 228 3402 quod
218 3338 287 3400 rpse
315 3317 354 3382 de
381 3316 535 3402 Pompeio
563 3321 613 3382 ret
598 3317 775 3401 tulisset,
765 3320 815 3382 mt
801 3316 931 3381 tendere
955 3311 1060 3396 coepit

174 3507 267 3580 ΕΜ,
284 3515 307 3564 1.
343 3511 504 3565 seutentiam
523 3509 598 3576 (W).
634 3509 780 3564 sententias
797 3508 834 3574 M,
856 3519 951 3560 omnes
962 3502 1032 3558 edd.

813 3594 849 3648 1*
