2610 3980
359 235 618 294 nnsnocnaon
636 239 668 293 V.
688 245 712 293 8.
732 246 757 294 9.
972 237 1034 302 131

106 381 192 465 nugis
212 405 280 447 sum
301 379 417 450 Publio
440 383 581 470 deditus,
603 383 690 469 quod
712 403 778 467 me,
800 403 995 468 quamquam
1017 405 1037 448 a

105 469 222 550 pueritie
247 491 306 536 sua
332 491 470 556 semper,
501 474 611 536 tamen
637 472 701 538 hoc
726 474 872 556 tempore
898 471 1036 538 maxime

105 555 173 620 sicut
192 559 324 624 alterurn
345 565 513 645 parentem
536 562 569 624 et
590 560 742 626 observat
763 562 796 625 et
818 559 932 645 diligit.
967 558 1072 625 nasu

104 643 208 711 litteras
229 649 324 712 velim
346 649 508 713 existimes
529 647 668 714 foederis
684 648 854 714 habituras
872 667 941 713 esee
964 648 1038 732 vim,

104 752 158 832 non
177 736 336 821 epistolae,
358 757 473 822 meque
496 757 543 821 ea,
565 757 648 821 quae
669 737 731 802 tibi
750 737 905 823 promitto
929 757 968 801 ac
989 756 1037 800 re-

104 821 179 906 upio,
200 825 399 890 sanctissime
421 845 490 890 cese
513 826 758 891 observaturum
780 824 1038 912 diligentissime·

104 928 152 991 que
176 933 240 978 esse
265 913 442 979 factomrm:
473 933 555 998 quae
582 935 603 978 a
631 935 683 978 me
712 917 862 998 suscepta
892 913 1037 978 defensio

103 1000 189 1064 cette
210 1002 342 1066 absente
365 1001 534 1088 dignitatis
555 1004 645 1086 tuae,
671 1002 707 1066 in
734 1023 773 1065 ee
792 1002 860 1066 iarn
886 1022 948 1087 ego
970 1021 1039 1067 non

103 1086 189 1152 solum
203 1089 366 1155 amicitiae
383 1093 523 1174 nostrae,
542 1090 598 1156 sed
616 1090 714 1155 etiam
733 1090 935 1154 constantiae
947 1106 1038 1153 meae

103 1191 183 1239 eausa
202 1179 407 1262 permanebo.
443 1176 659 1254 Quamobrem
681 1178 759 1244 satis
783 1198 852 1242 esse
873 1177 937 1242 hoc
958 1179 1038 1241 tem-

102 1282 165 1343 pore
185 1267 358 1332 arbitratus
377 1287 448 1332 sum
464 1267 528 1332 hoe
546 1267 588 1332 ed
607 1271 640 1332 te
658 1267 810 1332 scribere:
832 1286 893 1351 me,
915 1265 1039 1349 siquid

102 1349 156 1432 ipse
179 1351 392 1444 intelligerem
419 1359 476 1420 aut
507 1355 549 1420 ad
575 1357 775 1420 voluntatem
803 1354 927 1420 autad
954 1371 1038 1420 com·

101 1439 213 1506 modurn
235 1443 357 1509 autad
380 1443 625 1528 amplitudinem
650 1446 742 1508 tuam
764 1443 938 1528 pertinere,
967 1464 1040 1507 mea

102 1533 199 1609 sponte
220 1531 254 1596 id
278 1553 347 1596 esse
374 1531 549 1615 iacbrrum3
576 1533 628 1596 sin
654 1536 763 1596 eutem
790 1531 956 1616 quidpiam
983 1534 1040 1595 aut

85 1635 116 1699 ‘a
137 1620 165 1680 te
189 1639 294 1685 essem
326 1619 509 1685 admonitus
541 1623 599 1685 aut
624 1641 645 1684 a
670 1621 749 1704 tuis,
776 1619 977 1703 effecturum,
1003 1622 1041 1683 ut

100 1701 282 1793 brtelligeres
307 1708 390 1773 nihil
416 1729 520 1793 neque
547 1712 580 1772 te
608 1709 773 1793 scripsisse
800 1729 905 1793 neque
932 1729 1040 1792 quem·

101 1811 181 1873 quam
205 1799 338 1862 tuorum
365 1796 487 1862 frustra
517 1797 558 1861 ad
589 1817 641 1862 me
673 1797 834 1862 detulisse.
880 1795 1040 1872 Quamob-

101 1899 155 1944 rem
174 1885 272 1950 relim
298 1886 345 1950 ita
368 1885 491 1971 etipse
519 1885 560 1949 ad
587 1907 639 1950 me
666 1884 788 1950 scribes
815 1886 854 1950 de
881 1883 1041 1968 omnibus,

100 1967 224 2038 minimis
251 1974 401 2038 maximis
424 1973 651 2058 mediocribus,
677 1974 786 2057 rebus,
815 1977 853 2038 ut
875 1972 916 2038 ad
937 1973 1040 2038 homi·

99 2075 161 2122 nem
181 2062 423 2146 amicissimum,
443 2065 477 2126 et
497 2063 562 2126 tuis
581 2062 768 2148 praecipias,
790 2064 828 2126 nt
846 2081 944 2145 opera
966 2081 1041 2125 con·
1105 2131 1106 2134 Ἴ

101 2144 171 2232 silio,
195 2150 390 2216 anctoritate
417 2149 523 2236 gratia
549 2171 622 2214 mea
648 2151 694 2216 sic
716 2152 851 2214 utantur
876 2149 913 2212 in
940 2148 1041 2212 omni·

99 2231 161 2319 bus,
188 2239 328 2322 publicis
359 2239 506 2323 privatis,
534 2237 718 2304 forensibus
750 2237 946 2320 domesticis,
976 2236 1041 2301 tuis

101 2324 261 2392 amicorum
282 2327 450 2411 hospitum
473 2328 638 2392 clientium
660 2329 799 2410 tuorum,
820 2325 974 2411 negotiis,
996 2329 1042 2410 ut,

100 2413 172 2491 quod
193 2416 262 2480 eius
285 2415 357 2480 fieri
378 2415 495 2500 possit,
524 2414 725 2500 praesentiae
751 2417 827 2480 tuae
850 2413 1043 2480 desiderium

100 2517 159 2564 meo
179 2503 291 2569 labore
314 2503 487 2570 minuatur.

534 2695 591 2764 IX.

100 2801 146 2858 Ser.
163 2807 191 2861 in
210 2809 313 2864 castris
332 2809 462 2864 Naronae
477 2825 501 2864 a.
516 2809 542 2862 d.
557 2807 590 2863 V.
610 2809 675 2863 Idus
689 2805 844 2874 Quinctiles
858 2824 882 2862 a.
897 2825 924 2862 u.
939 2823 962 2862 c.
982 2813 1042 2863 709.

245 2933 423 2988 VATINIUS
442 2932 515 2988 ncP.
530 2931 701 2988 CICERONI
719 2931 788 2988 SUO
808 2931 883 2988 SAL.

154 3029 183 3096 S.
205 3033 247 3098 V.
271 3031 310 3096 Β.
332 3031 370 3096 Ε.
393 3030 432 3096 Ε.
455 3029 494 3097 V.
539 3029 574 3096 Si
600 3034 690 3096 tuam
717 3032 982 3096 consuetudinem
1007 3031 1077 3095 inl

99 3121 276 3198 patrociniis
307 3120 437 3185 tuendis
469 3141 590 3204 servas,
620 3119 656 3184 P.
683 3119 835 3185 Vatinius
861 3121 961 3184 cliens
989 3119 1044 3182 ed·

99 3208 188 3292 venit,
219 3209 277 3294 qui
307 3231 367 3293 pro
395 3229 429 3273 se
456 3229 586 3272 oausam
613 3207 712 3272 dicier
733 3209 815 3274 vult:
847 3229 928 3291 non,
954 3209 1044 3291 puto,

99 3297 272 3379 repudiabis
299 3297 335 3361 in
360 3293 498 3381 h'onore,
529 3315 624 3380 quem
650 3295 686 3360 in
712 3297 854 3381 periculo
886 3294 1044 3379 recepisti.
1143 3297 1148 3308 '

99 3378 161 3466 Ego
195 3389 307 3450 antem
343 3406 438 3470 quem
473 3385 582 3469 potius
618 3383 770 3468 adoptem
805 3387 862 3448 aut
896 3384 1043 3449 invocem

158 3576 209 3646 Ep.
229 3584 256 3646 8,
267 3582 293 3632 5.
329 3577 421 3648 quood
438 3576 782 3645 supercrearetur?
816 3662 831 3697 *

794 3669 810 3718 9
