2644 3988
245 250 311 314 370
528 249 565 302 Μ.
586 249 709 303 TULLII
729 249 919 306 CICERONIS

244 416 331 480 nam,
353 415 453 478 quum
470 394 506 457 in
520 392 739 458 Tusculanum
757 395 882 480 vesperi
899 395 1069 478 venissem,
1087 397 1204 480 postri·

245 481 296 548 die
317 484 372 547 ille
395 482 436 546 ad
458 502 524 565 me,
550 482 696 547 nondum
720 483 798 547 satis
825 483 920 548 firmo
943 504 1076 568 corpore
1105 506 1205 569 quum

244 575 342 656 esset,
364 591 459 636 mane
486 570 589 653 venit3
619 592 715 655 quem
742 593 842 655 quum
870 572 1088 657 obiurgarem,
1118 573 1206 656 quod

243 681 359 747 parum
380 658 559 724 valetudini
581 663 740 744 parceret,
762 664 832 724 tum
854 661 923 745 ille,
945 661 1027 726 nihil
1050 661 1113 725 sibi
1135 663 1206 726 lon·

245 751 317 836 gius
339 749 453 831 fuisse,
482 767 580 830 quam
607 751 645 812 ut
667 769 718 812 me
740 749 871 814 videret.
915 748 1207 834 ,‚Numquidnam“‚

243 839 387 923 inquam,
409 833 549 920 „novi?“
578 835 705 901 Detulit
724 837 765 901 ad
783 859 834 901 me
857 839 1020 922 querelam
1041 841 1143 923 tuam,
1169 839 1207 903 de

210 947 225 996 a
246 949 310 1010 qua
331 926 519 1010 priusquam
541 924 730 1009 respondeo,
753 947 857 1010 pauca
874 948 1064 1011 proponam.
1097 926 1206 1002 Quan-

245 1014 492 1080 tum'memoria
514 1016 658 1098 repetere
680 1014 855 1099 praeterita
873 1037 1015 1101 possum,
1037 1037 1135 1081 nemo
1158 1019 1209 1080 est

245 1103 324 1168 mihi
351 1106 384 1168 te
412 1102 533 1167 amicus
557 1103 732 1186 antiquior3
765 1104 820 1168 sed
852 1107 996 1168 vetustas
1024 1104 1126 1169 habet
1150 1105 1206 1168 ali-

245 1192 322 1276 quid
345 1211 515 1257 commune
538 1211 612 1255 oum
634 1191 755 1276 multis,
778 1213 869 1257 amor
886 1214 954 1258 non
972 1193 1085 1257 habet:
1108 1192 1209 1257 dilexi

244 1284 291 1363 te,
318 1302 382 1365 quo
410 1280 461 1344 die
489 1279 641 1364 cognovi,
672 1301 787 1363 meque
815 1302 835 1344 a
864 1283 898 1345 te
929 1281 1020 1366 diligi
1051 1281 1208 1364 iudicavi3

245 1371 321 1432 tuus
335 1367 450 1432 deinde
464 1367 622 1432 discessus
636 1368 727 1451 isque
741 1368 921 1454 diuturnus,
939 1369 1073 1434 ambitio
1092 1374 1209 1434 nostra

247 1459 280 1520 et
301 1456 387 1520 vitae
411 1455 635 1520 dissimilitudo
659 1478 726 1520 non
749 1460 800 1522 est
821 1480 918 1542 passa
939 1459 1125 1524 voluntates
1150 1480 1208 1524 no-

247 1548 331 1609 stras
355 1543 586 1608 consuetudine
610 1544 841 1629 conglutinari3
869 1549 963 1612 tuum
989 1551 1100 1613 tamen
1128 1567 1209 1632 erga

247 1655 298 1697 me
321 1632 465 1696 animum
483 1631 602 1716 agnovi
620 1634 731 1698 multis
750 1634 845 1699 annis
868 1639 944 1700 ante
962 1635 1083 1700 bellum
1103 1635 1209 1719 civile,

248 1742 347 1805 quum
370 1718 489 1785 Caesar
510 1725 595 1784 esset
616 1721 651 1785 in
675 1719 794 1804 Gallia3
817 1723 903 1806 quod
926 1723 1013 1788 enim
1035 1723 1208 1788 vehemen-

246 1813 297 1876 ter
318 1809 399 1874 mihi
430 1809 509 1874 utile
541 1830 610 1874 esse
633 1811 772 1893 putabas
803 1831 864 1875 nec
895 1811 1009 1876 inutile
1036 1811 1100 1895 ipsi
1127 1810 1208 1877 an-

248 1899 320 1983 sari,
342 1898 515 1983 perfecisti,
537 1901 574 1962 ut
595 1897 649 1961 ille
672 1920 723 1962 me
748 1897 904 1984 diligeret,
921 1901 1049 1983 coleret,
1070 1899 1209 1964 haberet

247 1989 282 2052 in
306 1989 381 2052 suis.
416 1986 521 2052 Multa
544 1989 720 2070 praetereo,
742 2008 824 2070 quae
846 1987 1046 2073 temporibus
1068 1987 1134 2052 illis
1158 1989 1208 2053 in·

246 2080 298 2141 ter
319 2098 379 2142 nos
406 2075 654 2140 familiarissime
683 2075 782 2160 dicta,
810 2076 941 2161 scripta,
969 2075 1208 2142 communicata

213 2185 228 2232 3
248 2169 337 2248 sunt3
361 2166 511 2251 graviora
534 2165 619 2228 enim
642 2166 815 2228 consecuta
833 2168 917 2230 sunt.
953 2163 999 2229 Et
1016 2164 1109 2229 initio
1128 2165 1208 2229 belli

248 2254 359 2338 civilis,
382 2275 480 2338 quum
502 2252 712 2317 Brundisium
738 2273 849 2317 versus
875 2254 939 2318 ires
962 2253 1003 2318 ad
1026 2251 1208 2337 Gaesarem,

152 2399 155 2404 .
248 2343 365 2407 venisti
392 2342 433 2406 ad
460 2342 573 2406 mein
588 2340 820 2405 ‘Formianumz
852 2343 992 2426 primum
1013 2342 1076 2406 hoc
1097 2342 1208 2426 ipsum

249 2430 372 2513 quanti,
393 2429 582 2512 praesertim
604 2429 804 2513 temporibus
826 2430 902 2495 illis!
930 2430 1044 2494 deinde
1068 2429 1207 2496 oblitum

248 2539 300 2582 me
323 2519 420 2600 putas
443 2517 578 2600 consilii,
602 2518 768 2601 sermonis,
790 2517 1113 2607 humanitatistuae?
1137 2520 1207 2603 qui·

248 2606 311 2670 bus
333 2605 429 2669 rebus
456 2605 611 2669 interesse
638 2606 769 2670 memini
793 2606 987 2672 Trebatium.
1037 2605 1106 2672 Nec
1128 2629 1206 2672 vero

250 2716 322 2758 sum
345 2693 463 2758 oblitus
486 2693 666 2758 litterarum
688 2696 826 2778 tuarum,
849 2716 928 2779 quas
952 2696 992 2760 ad
1011 2717 1062 2760 me
1080 2697 1207 2778 misisti,

250 2802 349 2866 quum
370 2780 499 2847 Caesari
522 2782 650 2847 obviam
670 2782 811 2848 venisses
834 2783 869 2846 in
892 2804 980 2870 agro,
1002 2787 1040 2848 ut
1057 2784 1206 2866 arbitror,

214 2871 443 2938 4Trebulano.
493 2869 645 2936 Secutum
672 2870 752 2934 illud
778 2875 906 2957 tempus
938 2875 1000 2956 est,
1028 2894 1127 2956 quum
1154 2893 1206 2936 me

250 2960 291 3024 ad
309 2959 499 3044 Pompeium
520 2959 681 3042 proficisci
699 2957 765 3022 sive
783 2960 887 3042 pudor
906 2982 995 3025 meus
1014 2961 1121 3046 coiigit
1139 2961 1206 3024 sive
1293 3019 1294 3038 ,

251 3048 393 3114 officium
425 3048 491 3111 sive
522 3047 667 3111 fortuna:
700 3047 785 3129 quod
818 3048 960 3114 officium
986 3052 1092 3133 tuum,
1120 3048 1206 3132 quod

251 3137 392 3201 studium
410 3136 462 3200 vel
482 3135 518 3198 in
537 3135 703 3200 absentem
721 3155 772 3199 me
791 3137 842 3200 vel
859 3136 893 3199 in
912 3141 1098 3220 praesentes
1116 3159 1205 3201 meos

251 3224 375 3290 defuit?
408 3245 502 3308 quem
529 3243 627 3307 porro
650 3243 762 3287 omnes
790 3225 853 3288 mei
876 3225 1010 3289 etmihi
1034 3229 1067 3288 et
1089 3224 1150 3289 sibi
1172 3229 1204 3287 te

251 3315 435 3379 amiciorem
466 3310 710 3377 iudicaverunt?
759 3309 844 3377 Veni
876 3312 1097 3378 Brundisium:
1127 3313 1203 3378 obli-

321 3519 431 3591 Ep.27‚
448 3527 470 3575 1.
493 3521 661 3588 priusquam
673 3520 829 3587 respondeo,
838 3536 870 3588 p.
934 3524 959 3590 .).
991 3524 1075 3590 prius
1088 3537 1168 3591 qaum
1181 3537 1203 3574 r.

248 3605 279 3659 p.
293 3591 324 3644 B.
361 3597 386 3644 3.
405 3589 445 3643 Et
462 3591 544 3645 initio
558 3588 741 3667 (r.,vulgo),
770 3591 866 3645 etenim
904 3609 935 3660 r.,
950 3591 979 3645 B.
1018 3591 1202 3663 Iuitiolw.)t
