2636 3986
356 245 616 300 EPISTULARUM
638 246 713 300 XIII.
734 251 846 300 10—12.
1012 243 1079 308 429

118 389 157 466 Q.
184 390 208 454 f.
256 388 337 454 Peto
360 412 381 455 e
407 392 440 455 te
466 391 503 454 in
528 391 684 456 maiorem
715 390 848 455 modum
878 411 938 474 pro
967 393 1115 454 nostrae

118 479 371 561 necessitudine,
397 482 435 543 nt
461 479 522 543 tibi
549 500 588 543 ea
613 499 664 544 res
693 499 788 543 curae
816 479 859 542 sit
886 498 1080 562 operamque

120 568 192 650 des,
218 570 262 632 ut.
277 589 336 651 per
357 569 390 630 te
414 587 511 650 quam
533 567 790 632 commodissime
817 567 985 651 negotium
1011 588 1080 629 mu-

120 655 233 737 nicipii
260 655 503 719 administretur
530 677 627 740 quam
653 656 856 741 primumque
883 655 1080 738 conficiatur,

121 745 282 828 ipsosque,
305 765 443 827 quorum
466 745 600 808 nomina
622 745 748 828 scripsi,
770 747 808 808 ut
831 765 928 827 quam
949 743 1079 809 honori-

121 831 327 896 ficentissime
355 854 414 916 pro
442 836 499 896 tua
525 837 643 897 natura
675 837 708 896 et
735 854 829 916 quam
858 831 1081 896 liberalissime

121 923 251 984 tractes.
295 919 407 985 Bonos
433 921 520 986 viros
548 921 589 986 ad
616 924 706 985 tuem
729 920 999 986 necessitudinem
1026 920 1116 984 aaa

121 1009 265 1072 iunxerie
292 1009 566 1094 municipiumque
594 1010 814 1094 gratissimum
840 1009 994 1074 beneficio
1022 1012 1079 1073 tuo

121 1096 317 1179 devinxeris,
345 1097 425 1162 mihi
452 1119 528 1162 vero
557 1098 655 1163 etiam
682 1098 807 1184 gratim
834 1097 963 1181 feceris,
994 1098 1080 1181 quod

123 1207 224 1268 quum
244 1206 372 1269 semper
397 1187 483 1250 tueri
504 1186 683 1271 municipes
705 1207 795 1251 meos
818 1186 984 1269 consuevi,
1009 1189 1082 1250 tum

121 1273 177 1337 hic
204 1295 308 1338 annus
335 1275 505 1358 praecipue
533 1275 574 1338 ad
600 1297 706 1339 meam
738 1294 849 1339 curam
876 1274 1080 1356 officiumque

122 1362 277 1446 pertinet:
300 1384 376 1426 nam
390 1363 608 1428 constituendi
620 1363 788 1447 municipii
802 1383 899 1428 censa
915 1363 978 1428 hoc
993 1383 1079 1426 anno

124 1449 260 1514 aedilem
282 1451 384 1515 filium
405 1473 514 1516 meum
536 1452 605 1516 fieri
627 1453 715 1517 volui
738 1455 771 1516 et
792 1451 903 1516 fratris
923 1451 1026 1515 filium
1049 1453 1082 1514 et

123 1537 168 1602 Μ.
192 1536 349 1623 Caesium,
370 1540 536 1605 hominem
553 1541 633 1605 mihi
650 1541 789 1605 maxime
807 1540 1024 1604 necessarium
1037 1574 1080 1585 —

122 1627 152 1690 is
175 1628 262 1691 enim
284 1627 493 1713 magistratus
519 1629 556 1694 in
576 1634 689 1694 nostro
712 1629 888 1713 municipio
915 1649 976 1693 nec
992 1628 1080 1692 alius

123 1715 209 1780 ullus
233 1717 334 1780 creari
356 1718 440 1781 solet
462 1741 519 1799 -3
546 1739 626 1801 quos
654 1717 875 1782 cohonestaris
897 1717 933 1781 in
955 1716 1080 1801 primis-

125 1825 187 1887 que
214 1825 279 1889 me,
308 1805 335 1868 si
361 1826 412 1870 res
439 1804 569 1889 publice
591 1805 758 1889 municipii
779 1809 837 1870 tuo
861 1805 982 1888 studio,
1011 1804 1080 1868 dili·

125 1893 237 1976 gentia
263 1893 347 1957 bene
374 1893 597 1957 administrate
625 1893 698 1958 erit:
730 1893 818 1976 quod
844 1896 882 1958 ut
907 1892 1022 1974 facias,
1048 1893 1082 1957 te

124 1980 332 2050 vehementer
355 1981 453 2045 etiam
476 1983 572 2064 etque
595 1982 693 2045 etiam
715 2000 806 2065 rogo.

442 2221 447 2233 .
569 2173 641 2238 XII.

384 2283 441 2340 Ser.
469 2285 573 2339 Romae
602 2303 626 2338 a.
654 2303 681 2339 u.
710 2301 733 2340 c
762 2289 821 2340 708.

424 2406 552 2464 CICERO
570 2408 692 2464 BRUTO
712 2408 787 2464 SAL.

52 2552 68 2560 -
194 2506 270 2573 Alia
291 2508 428 2592 epistola
451 2510 663 2574 communiter
681 2509 902 2575 commendavi
919 2510 979 2575 tibi
995 2509 1083 2595 lege·
1103 2523 1117 2573 1

126 2602 180 2662 tos
207 2597 415 2681 Arpinatium
441 2601 479 2662 ut
505 2599 597 2681 potui
625 2599 882 2683 diligentissime,
904 2600 966 2664 hac
993 2620 1083 2681 sepa-

127 2686 224 2750 ratim
247 2684 283 2761 Q.
306 2685 480 2770 Fufidium,
502 2707 641 2770 quocum
667 2688 746 2752 mihi
775 2709 886 2752 omnes
909 2687 1082 2752 necessitu-

128 2775 219 2838 dines
247 2777 337 2858 sunt,
363 2775 550 2858 diligentius
577 2775 780 2860 commendo,
806 2797 874 2840 non
903 2779 941 2840 ut
962 2775 1083 2860 aliquid

128 2863 168 2926 de
190 2863 246 2927 illa
269 2863 547 2928 commendatione
571 2864 769 2947 deminuam,
797 2864 852 2928 sed
874 2868 912 2929 ut
934 2864 976 2928 ad
997 2864 1084 2928 hanc

128 2950 257 3015 eddam:
284 2973 361 3015 nam
388 2955 421 3016 et
446 2952 615 3037 privignus
643 2956 693 3016 est
714 2951 758 3016 M.
781 2950 900 3038 ansii,
926 2953 990 3017 mei
1016 2975 1083 3017 me·

128 3039 212 3103 xime
241 3043 273 3104 et
299 3040 469 3105 familiaris
497 3044 531 3104 et
551 3041 737 3124 necessarii,
765 3045 799 3106 et
823 3041 922 3107 fuit'
912 3064 948 3105 in
971 3039 1084 3106 Cilicia

127 3148 253 3192 mecum
284 3128 434 3192 tribunus
465 3129 617 3212 militum,
648 3151 712 3217 quo
743 3130 779 3193 in
809 3151 941 3195 munere
973 3130 1020 3193 ita
1049 3149 1083 3192 se

127 3215 295 3302 tractavit,
326 3220 364 3281 ut
395 3218 555 3301 accepisse
586 3180 628 3282 el)
660 3239 698 3283 eo
729 3218 919 3284 beneficium
950 3217 1083 3300 viderer,

198 3441 250 3512 Ep.
271 3450 313 3512 11,
327 3450 354 3498 3.
389 3446 481 3499 modio
499 3445 694 3516 dclcyeotiaqcc
712 3446 776 3501 benc
799 3445 854 3514 (W
855 3448 884 3516 )1
928 3445 979 3515 Ep.
1001 3452 1081 3514 11,1

101 3485 516 3656 ’ἴέἀᾶιναηίᾶιὲἶὶαέὃψᾲ
553 3517 774 3585 uthoocoffl
776 3518 812 3586 .1)
848 3517 1080 3574 Anatodsllom
