2568 3980
183 215 245 280 150
462 215 498 269 M.
519 214 642 270 TULLII
662 214 853 271 CICERONIS

179 364 310 446 captum
332 359 453 424 iamdiu
477 362 538 443 est,
568 359 607 424 dc
631 382 694 443 quo
718 347 762 424 ad
781 365 827 444 te,
854 382 923 426 non
945 384 1008 447 quo
1032 364 1138 429 celan·

179 450 239 514 dus
267 469 366 534 esses,
393 449 475 513 nihil
503 449 616 533 scripsi
643 452 752 532 antea,
779 449 835 513 sed
858 451 934 533 quia
961 454 1136 517 communi·

179 539 264 603 catio
288 537 413 603 consilii
431 535 491 601 tali
507 541 656 623 tempore
672 537 764 621 quasi
782 538 940 623 quaedam
959 540 1136 606 admonitio

178 627 305 692 videtur
327 648 396 691 esse
420 625 518 691 officii
540 626 591 691 vel
614 625 722 710 potius
744 626 935 712 efflagitatio
960 628 1001 692 ad
1021 635 1137 694 codun-

179 717 254 780 dam
277 715 464 781 societatem
489 715 542 779 vel
564 715 698 799 periculi
725 716 776 780 vel
801 715 936 799 laboris;
964 737 1038 781 cunr
1060 739 1137 783 vero

179 827 217 870 ea
239 808 297 870 tue
320 803 363 869 sit
387 805 553 888 voluntas,
579 802 779 887 humanitas,
806 804 1032 870 benevolentia
1059 828 1137 892 erga

178 914 243 978 me,
269 893 408 957 libenter
435 893 613 977 amplector
633 893 732 957 talem
756 893 913 977 animum,
940 893 996 958 sed
1022 895 1070 958 ita
1092 931 1136 942 -

178 1003 246 1048 non
269 981 355 1046 enim
378 981 539 1047 dimittam
561 981 717 1065 pudorem
738 980 774 1044 in
791 982 938 1066 rogando
957 1004 1064 1047 meum
1079 1006 1136 1047 -t

179 1072 206 1135 si
227 1070 342 1136 feceris
365 1071 412 1155 id,
435 1070 520 1154 quod
545 1069 701 1154 ostendis,
727 1090 882 1156 magnam
908 1071 1035 1136 habebo
1063 1092 1135 1156 gra·

177 1160 271 1244 tiam,
299 1160 326 1223 si
349 1181 417 1224 non
439 1159 566 1243 feceris,
593 1159 775 1244 ignoscam,
802 1163 836 1223 et
858 1161 996 1224 alterum
1017 1161 1137 1245 timori,

178 1249 315 1312 alterum
344 1248 425 1312 mihi
456 1250 489 1311 te
519 1268 639 1332 negare
669 1269 737 1312 non
769 1249 913 1332 potuisse
940 1248 1137 1332 arbimabom

178 1340 227 1401 est
258 1337 344 1401 enim
375 1358 427 1400 res
458 1336 604 1421 profecto
635 1336 789 1400 maxima:
821 1336 897 1420 quid
928 1341 1053 1402 rectum
1085 1338 1136 1422 sit,
1181 1358 1186 1368 ’

130 1481 134 1488 .
178 1429 324 1509 apparet3
352 1423 429 1509 quid
457 1425 618 1509 expediat,
646 1424 819 1490 obscurum
847 1428 909 1509 est,
940 1425 988 1490 ita
1015 1429 1135 1509 tamen,

176 1517 222 1598 ut,
245 1513 272 1578 si
294 1535 355 1578 nos
378 1513 402 1577 ii
426 1535 550 1598 sumus,
573 1513 629 1597 qui
652 1534 720 1578 esse
744 1513 909 1598 debemus,
931 1513 965 1577 id
988 1517 1045 1597 est,
1068 1517 1134 1578 stu·

176 1601 229 1667 dio
253 1603 344 1688 digni
367 1623 405 1666 ac
422 1602 539 1667 fitteris
558 1601 688 1687 nostris,
711 1601 858 1667 dubitare
876 1623 944 1666 non
964 1602 1134 1688 possimus,
1160 1637 1162 1641 ·

177 1691 255 1774 quin
283 1713 320 1755 ea
346 1691 485 1756 maxime
513 1691 709 1777 conducant,
741 1713 823 1775 quae
851 1691 917 1756 sint
945 1690 1134 1755 rectissima.

176 1778 281 1855 Quare
304 1783 354 1865 tu,
381 1780 409 1844 si
432 1780 527 1844 simul
549 1779 703 1865 placebit,
730 1779 841 1844 statim
868 1778 910 1843 ad
936 1801 987 1842 me
1010 1779 1134 1862 venies3

176 1869 226 1932 sin
253 1868 339 1933 idem
369 1868 511 1952 placebit
538 1872 635 1953 atque
667 1868 779 1934 eodem
806 1889 867 1933 neo
894 1867 1048 1932 continuo
1076 1890 1133 1951 po-

123 2029 125 2036 ,
174 1957 265 2042 teris,
294 1957 404 2023 omnia
429 1958 491 2022 tibi
517 1960 555 2021 ut
581 1961 660 2024 nota
688 1958 766 2041 sint,
794 1957 921 2021 faciam.
971 1953 1133 2040 Quidquid

175 2047 334 2132 statueris,
355 2049 389 2111 te
410 2046 491 2111 mihi
515 2047 662 2130 amicum,
685 2046 737 2110 sin
754 2045 797 2131 id,
819 2047 906 2130 quod
925 2048 1012 2130 opto,
1035 2046 1133 2110 etiam

174 2136 403 2226 amicissimum
424 2135 583 2200 iudicabo.

610 2342 684 2409 XX.

241 2464 298 2522 Sor.
319 2465 356 2520 ud
374 2465 472 2551 urbem
490 2463 582 2520 medio
600 2480 695 2520 mense
714 2463 845 2520 Ianuario
864 2481 890 2520 a
909 2482 936 2521 u.
955 2483 977 2522 c.
999 2469 1058 2520 705.

521 2605 651 2662 CICERO
672 2605 779 2662 RUFO.

138 2725 153 2778 1
239 2714 370 2802 Quoquo
391 2715 488 2782 modo
511 2715 702 2801 potuissem,
722 2718 755 2781 te
779 2714 1008 2800 convenissem,
1032 2715 1059 2781 si
1082 2736 1131 2800 eo,

107 2832 112 2841 ·
172 2827 237 2889 quo
260 2806 488 2890 constitueras,
513 2806 623 2870 venire
645 2805 815 2888 voluissem
838 2826 950 2889 quare,
977 2804 1039 2869 etsi
1066 2805 1130 2868 mei

172 2896 333 2960 commodi
359 2915 457 2960 causa
479 2915 679 2959 commovere
702 2915 753 2958 me
776 2893 923 2978 noluisti,
950 2896 1060 2957 tamen
1082 2892 1130 2956 ita
1176 2933 1179 2938 -

172 2982 334 3048 existimes
361 2982 471 3066 velim,
498 3004 549 3047 me
577 2983 795 3046 antelaturum
816 2982 929 3064 fuisse,
958 2982 986 3045 si
1009 2980 1050 3045 ad
1076 3000 1128 3044 me

172 3071 327 3156 misisses,
348 3071 550 3136 voluntatem
571 3074 663 3135 tuam
685 3070 853 3137 commodo
876 3091 957 3134 meo.
1001 3067 1054 3132 Ad
1081 3090 1129 3152 ca,

173 3182 256 3245 quae
278 3159 442 3245 scripsisti,
465 3158 663 3226 commodius
681 3159 828 3243 equidem
850 3179 978 3242 possem
1001 3156 1040 3222 de
1063 3156 1128 3221 sin-

173 3250 257 3334 gulis
289 3248 330 3313 ad
361 3252 394 3314 tc
425 3249 521 3314 rebus
553 3248 705 3332 scribere,
737 3247 764 3313 si
791 3246 835 3312 Μ.
859 3246 996 3329 Tullius,
1022 3246 1130 3311 scriba

242 3492 293 3563 Ep
315 3501 357 3563 19,
372 3499 397 3547 a.
433 3510 504 3564 quac
524 3494 581 3547 siat
607 3493 757 3548 rectissima
779 3493 854 3561 (We.
918 3533 923 3545 .
946 3497 1013 3547 sunt
1033 3508 1056 3547 r.
1080 3491 1129 3560 M,

172 3563 266 3634 vulgo.
287 3595 319 3604 -
339 3566 468 3620 conticesco
482 3566 586 3636 potero
605 3563 709 3635 (Crat).
746 3579 767 3620 c.
783 3563 885 3632 poterit
936 3564 968 3618 B.
