2658 3986
250 219 316 284 222
533 221 570 275 Μ.
590 219 714 275 TULLII
731 217 922 274 CICERONIS

664 451 785 516 XXIX.

366 564 423 621 Sor.
442 564 535 619 Patris
553 580 579 618 a
598 563 625 618 d.
644 564 704 618 IIII.
724 564 786 618 Kal.
805 565 877 620 Nor.
896 581 922 618 a.
940 581 967 619 n
986 581 1010 619 c.
1030 569 1090 619 709.

436 688 567 760 currus
587 689 646 760 [n]
666 687 837 742 orcaaonr
856 688 924 742 suo
944 687 1020 743 sin.
1107 665 1113 673 '

217 799 230 848 1
317 787 349 855 S.
361 812 391 855 v.
405 790 435 854 b.
449 811 490 872 eq
512 811 584 853 sum
601 789 688 852 enim
706 783 822 869 χρήσει
843 784 906 866 μὲν
927 792 1012 868 tuus,
1030 779 1146 867 κτήσει
1169 785 1207 850 δὲ

249 877 351 943 Attici
365 878 482 961 nostri3
505 898 582 963 ergo
596 877 721 950 fructus
740 877 790 940 est
802 878 888 959 tuus,
901 876 1099 960 mancipium
1111 877 1208 961 illins,

250 967 336 1052 quod
363 967 491 1051 quidem
519 967 547 1030 si
577 967 663 1031 inter
690 985 782 1030 senes
815 966 1065 1048 co’e‘mptionales
1093 967 1207 1031 venale

248 1057 486 1140 proscripserit,
518 1055 621 1140 egerit
651 1076 720 1119 non
750 1054 896 1118 multum.
941 1053 988 1118 At
1015 1055 1072 1118 illa
1094 1060 1207 1120 nostra

248 1145 445 1229 praedicatio
469 1145 583 1228 quanti
605 1147 668 1228 est,
694 1165 769 1225 noa,
796 1142 882 1225 quod
905 1142 1018 1227 simus,
1041 1142 1127 1227 quod
1149 1143 1206 1208 ha·

248 1234 396 1317 beamus,
426 1232 512 1318 quod
538 1233 686 1298 homines
710 1231 940 1314 existimemur,
966 1231 1000 1295 id
1029 1253 1124 1296 omne
1147 1232 1206 1296 abs

248 1325 282 1386 tc
304 1321 436 1386 babere!
478 1319 592 1404 Quare,
614 1320 726 1386 Cicero
749 1320 803 1401 mi,
826 1341 995 1404 persevera
1018 1324 1207 1386 constanter

248 1431 309 1475 nos
328 1430 517 1474 conservare
536 1412 569 1473 et
587 1407 721 1493 Sulpicii
739 1409 914 1474 successori
936 1430 998 1474 nos
1017 1408 1056 1472 de
1073 1409 1205 1474 meliore

247 1501 328 1563 nota
350 1497 552 1581 commenda,
575 1519 638 1581 quo
661 1496 787 1562 facilius
809 1497 859 1560 tui
880 1497 1059 1581 praeceptis
1083 1499 1205 1563 obtem·

247 1608 360 1670 perure
390 1583 574 1672 [possimus]
603 1588 698 1670 teque
726 1585 767 1649 ad
793 1606 850 1649 ver
876 1586 1014 1651 libentes
1041 1586 1148 1650 uidere
1172 1591 1206 1652 et

213 1679 360 1740 anostra
386 1675 520 1760 refigere
553 1675 784 1760 deportareque
811 1677 898 1738 tuto·
914 1675 1084 1759 possimus.
1133 1673 1205 1759 Sed,

248 1765 348 1828 amice
367 1784 494 1850 magne,
515 1763 585 1829 noli
603 1763 688 1828 hunc
709 1763 879 1847 epistolam
892 1762 1002 1828 Attico
1022 1763 1204 1828 ostendere:

185 1884 197 1900 ν
247 1853 317 1916 sinc
345 1875 418 1917 eum
446 1874 551 1918 errare
579 1855 612 1917 et
638 1853 752 1936 putare
779 1873 830 1916 me
858 1852 963 1918 virum
989 1853 1112 1917 bonum
1134 1873 1204 1917 csse

246 1963 306 2006 nec
330 1943 431 2007 solere
460 1942 523 2007 dno
546 1941 685 2027 parietes
713 1941 751 2004 de
775 1940 885 2005 eadem
915 1939 1022 2006 fidelia
1045 1940 1204 2006 dealbare.

246 2029 345 2115 Ergo,
374 2033 511 2117 patrone
542 2031 601 2114 mi,
632 2030 715 2094 beno
746 2030 817 2093 vale
849 2029 1064 2113 Tironemque
1095 2052 1204 2094 mcum

247 2121 354 2185 saluta
374 2121 495 2186 nostris
518 2118 633 2185 verbis.
677 2117 718 2183 D.
740 2140 769 2182 a.
792 2117 821 2181 d.
844 2133 909 2180 1111.
931 2117 972 2182 Κ.
993 2116 1076 2184 Nor.

670 2292 773 2359 XXX.

225 2439 231 2448 ι
331 2405 388 2462 Sor.
407 2405 514 2462 Romae
531 2405 647 2460 incunte
664 2422 761 2460 menso
778 2405 910 2462 Ianuario
927 2421 953 2460 a
966 2423 994 2462 u.
1012 2423 1036 2462 c.
1057 2413 1117 2462 ⁷10.

543 2527 672 2583 CICERO
691 2528 800 2584 CURIO
820 2528 847 2584 S.
866 2529 899 2584 D.

210 2641 225 2691 ι
310 2625 383 2715 Ego
410 2650 487 2695 vero
513 2628 579 2694 iam
605 2633 638 2694 te
664 2649 726 2694 nec
750 2628 865 2694 hortor
887 2651 946 2695 nec
969 2651 1064 2717 rogo,
1085 2635 1124 2695 ut
1146 2631 1201 2697 do-

244 2739 333 2782 mum
354 2718 479 2802 redeas3
501 2718 581 2802 quin
598 2718 675 2783 hinc
693 2719 762 2802 ipse
781 2719 907 2783 evolare
927 2720 1020 2804 cupio
1040 2723 1072 2786 et
1092 2720 1200 2804 aliquo

243 2807 424 2891 pervenire,
450 2806 524 2892 „ubi
551 2829 611 2872 nec
633 2806 860 2891 Pelopidarum
882 2830 1002 2873 nomen
1031 2829 1090 2873 nec
1113 2809 1202 2872 facta

244 2893 399 2960 audiam“.
444 2894 635 2960 Incredibile
662 2900 724 2980 est,
757 2917 853 2979 quam
880 2897 1017 2981 turpiter
1045 2897 1125 2961 mihi
1153 2898 1200 2960 fa-

243 3004 314 3047 cere
340 2983 464 3067 videar,
491 2985 546 3067 qui
568 2985 619 3049 his
642 2985 737 3050 rebus
764 2984 923 3049 intersim:
951 3007 992 3049 ne
1019 2989 1056 3050 tu
1083 2985 1201 3050 videris

243 3072 345 3136 multo
369 3073 445 3135 ante
468 3073 655 3157 providisse,
678 3072 754 3157 quid
773 3073 982 3159 impenderet,
1004 3078 1083 3160 tum,
1101 3097 1201 3159 quum

242 3160 319 3225 hinc
354 3160 537 3246 profugisti,
600 3160 802 3244 Quamquam
837 3162 917 3226 haec
953 3163 1051 3226 etiarn
1088 3163 1200 3226 auditu

243 3249 358 3314 acerba
381 3253 467 3333 sunt,
487 3251 598 3314 tamen
617 3249 726 3314 audire
743 3250 944 3314 tolerabilius
968 3255 1017 3315 cst
1040 3273 1136 3335 quarn
1155 3251 1200 3316 vi-

243 3337 325 3402 dere.
360 3337 402 3402 In
416 3359 529 3421 campo
544 3340 629 3402 certe
642 3358 710 3403 non
727 3338 828 3424 fuisti,
846 3361 945 3422 quum
964 3339 1045 3404 hora
1059 3339 1203 3404 secunda

312 3492 364 3562 sp.
384 3498 427 3561 aa,
443 3500 466 3546 1.
504 3494 528 3547 e.
548 3509 568 3548 e.
589 3494 662 3562 (π).
700 3495 724 3548 e.
743 3495 808 3549 nn
849 3495 900 3564 up.
916 3501 959 3563 co,
975 3501 998 3550 1.
1027 3496 1203 3564 empireae,
1326 3512 1327 3584 3

241 3565 299 3616 tum
314 3563 388 3631 (W.).
425 3564 583 3632 deprenderet
600 3569 658 3618 tem
671 3565 766 3636 vulgo.
