2644 3988
237 265 303 330 386
521 266 558 322 Μ.
578 265 701 320 TULLII
719 264 910 320 CICERONIS

237 414 328 476 eatus
352 413 402 475 est
424 411 597 494 ceterique,
624 409 680 493 qui
702 431 768 474 una
791 431 865 475 oum
886 410 943 474 illo
967 431 986 474 a
1007 431 1042 474 re
1064 409 1199 495 publiea

144 574 150 587 x
238 499 436 581 defecerunt3
473 499 589 584 quibus
620 503 731 563 tamen
763 499 804 562 ad
836 499 1009 563 sanitatem
1039 498 1199 562 redeundi

237 591 313 652 ante
335 587 376 652 Κ.
399 585 486 671 Sept.
508 589 653 672 potestas
675 586 763 651 faeta
786 590 844 651 est.
878 585 987 652 Fortis
1006 607 1084 652 saue
1103 607 1198 651 sena-

237 683 300 759 tus,
323 676 378 740 sed
401 675 538 740 maxime
561 697 618 759 spe
641 674 774 740 subsidii
801 674 858 740 tui.
902 673 1030 739 Bellum
1057 675 1199 759 quidem,

238 787 338 849 quum
363 763 444 829 haee
472 763 664 848 scribebam,
693 767 770 829 sane'
797 783 953 848 magnum
980 767 1050 827 erat
1077 764 1198 828 scelere

238 856 271 917 et
293 853 424 917 leuitate
446 851 569 936 Lepidi.
604 849 675 916 Nos
694 852 733 915 de
747 851 917 917 Dolabella
938 851 1090 936 quotidie,
1112 873 1198 936 quae

237 941 396 1024 volumus,
418 940 579 1024 audimus,
607 940 663 1005 sed
686 940 791 1004 adhue
814 941 882 1004 sine
905 941 1025 1025 eapite,
1047 940 1117 1004 sine
1140 962 1198 1004 au-

202 1032 336 1112 netore,
358 1050 486 1094 rumore
504 1029 630 1093 nuntio.
666 1027 758 1105 Quod
777 1049 878 1112 quum
898 1027 946 1092 ita
968 1030 1062 1112 esset,
1083 1031 1198 1092 tamen

238 1118 355 1183 litteris
377 1118 456 1203 tuis,
479 1139 559 1203 quas
581 1114 688 1183 Nonis
710 1115 806 1181 Maiis
829 1138 868 1181 ex
890 1117 1005 1182 eastris
1028 1117 1121 1182 datas
1144 1137 1197 1182 ae·

239 1227 434 1291 ceperamus,
451 1207 499 1270 ita
511 1227 706 1291 persuasum
724 1207 794 1270 erat
812 1205 944 1289 eivitati,
965 1204 1111 1270 utillum
1130 1205 1198 1270 iam

239 1316 430 1379 oppressum
458 1315 570 1360 omnes
598 1293 844 1377 arbitrarentur,
873 1297 906 1358 te
933 1296 1042 1358 autem
1067 1294 1104 1357 in
1130 1293 1197 1358 lta-

238 1383 316 1447 liam
338 1383 447 1448 uenire
470 1404 543 1447 eum
567 1383 720 1467 exercitu,
743 1384 793 1466 ut,
820 1382 848 1446 si
869 1381 951 1446 haee
973 1403 1012 1446 ex
1034 1382 1198 1446 sententia

240 1471 388 1536 confecta
410 1473 531 1554 essent,
554 1471 689 1536 oonsilio
712 1472 808 1558 atque
832 1470 1023 1535 auctoritate
1045 1473 1118 1554 tua,
1144 1470 1197 1535 sin

240 1558 317 1642 quid
338 1557 424 1624 forte
446 1559 635 1642 titubatum,
664 1561 703 1624 ut
728 1558 766 1623 fit
787 1558 823 1622 in
844 1559 943 1643 bello,
970 1558 1110 1623 exercitu
1137 1562 1197 1623 tuo

239 1647 427 1712 niteremur:
450 1668 546 1731 quem
568 1647 697 1730 quidem
720 1667 781 1732 ego
799 1647 973 1712 exereitum
991 1647 1197 1731 quibuscum-

241 1758 302 1820 que
329 1738 466 1820 potuero
492 1734 588 1800 rebus
616 1736 753 1819 ornab03
779 1735 871 1800 ouius
897 1735 944 1800 rei
969 1737 1040 1800 tum
1066 1738 1198 1821 tempus
1307 1783 1308 1810 ,

240 1825 314 1910 erit,
337 1846 449 1910 quum,
478 1824 555 1908 quid
578 1823 649 1908 opis
671 1824 718 1888 rei
740 1824 888 1908 publicae
910 1824 1035 1889 laturus
1057 1823 1085 1889 is
1109 1845 1197 1889 exer·

240 1914 323 1979 citus
346 1913 389 1978 sit
411 1915 468 1977 aut
491 1911 567 1996 quid
589 1913 655 1977 iam
677 1913 796 1996 tulerit,
818 1916 933 1978 notum
951 1933 1021 1977 esse
1039 1913 1198 1997 eoeperit,

239 2023 317 2067 nam
344 2000 449 2066 adhue
474 2003 603 2066 tantum
630 2003 765 2067 conatus
793 1999 981 2085 audiuntur,
1008 2001 1123 2085 optimi
1148 2002 1198 2066 illi

241 2091 370 2176 quidem
392 2093 426 2153 et
446 2089 703 2174 praeclarissimi,
726 2088 781 2154 sed
804 2093 897 2174 gesta
914 2111 965 2154 res
983 2092 1199 2174 exspectatur,
1306 2123 1307 2148 l

241 2201 338 2264 quam
361 2178 490 2263 quidem
516 2181 573 2243 aut
594 2178 660 2242 iam
683 2199 752 2242 esse
775 2178 915 2261 aliquam
943 2181 1001 2242 aut
1022 2178 1197 2262 appropin-

204 2278 339 2352 aquare
367 2267 503 2333 confido.
549 2265 619 2331 Tua
645 2266 764 2331 virtute
786 2271 815 2331 et
841 2266 1063 2351 magnitudine
1095 2267 1198 2331 animi

241 2356 323 2420 nihil
341 2358 391 2419 est
408 2355 563 2438 nobilius,
584 2354 694 2438 itaque
713 2356 872 2439 optamus,
889 2359 927 2418 ut
945 2355 1198 2438 quamprimum

240 2449 274 2508 te
304 2442 340 2514 in
370 2440 467 2506 Italia
496 2442 675 2508 videamus:
706 2463 774 2507 rem
800 2442 964 2527 publicam
989 2464 1050 2508 nos
1076 2442 1198 2508 habere

242 2528 483 2614 arbitrabimur,
510 2530 539 2594 si
564 2552 623 2597 vos
644 2530 844 2596 habebimus.
888 2529 1054 2596 Praeclare
1077 2532 1197 2597 visera

241 2639 327 2703 mus,
354 2617 417 2682 nisi
440 2618 628 2704 spoliatum,
654 2618 823 2702 inermem,
848 2619 1028 2704 fugientem
1055 2618 1198 2705 Lepidus

241 2706 416 2790 recepisset
441 2706 635 2790 Antonium3
662 2707 771 2791 itaque
797 2728 974 2791 numquam
1000 2710 1093 2773 tanto
1122 2709 1199 2774 odio

242 2796 365 2861 civitati
383 2794 547 2862 Antonius
563 2795 636 2879 fuit,
654 2800 776 2879 quanto
795 2799 844 2860 est
861 2794 1015 2880 Lepidus3
1036 2795 1091 2860 ille
1111 2798 1198 2861 enim
1304 2867 1305 2870 Ἴ

242 2905 280 2950 ex
307 2884 556 2949 turbulentare
581 2884 724 2968 publiea,
750 2884 804 2949 hie
830 2905 870 2949 ex
895 2904 975 2968 paee
1002 2887 1035 2948 et
1060 2884 1201 2950 uictoria
1304 2899 1305 2912 l

241 2972 362 3038 bellum
385 2972 543 3037 excitavit
579 2970 664 3037 Huio
687 2973 853 3057 oppositos
876 2973 1025 3038 eonsules
1048 2973 1198 3058 designa-

241 3065 293 3129 tos
310 3060 478 3143 babemus,
499 3061 533 3124 in
553 3060 669 3144 quibus
688 3065 739 3126 est
754 3081 875 3146 magna
892 3061 949 3126 illa
967 3060 1096 3145 quidem
1115 3083 1199 3147 spes,

242 3150 298 3216 sed
329 3169 448 3233 aneeps
480 3168 557 3213 eura
592 3153 724 3234 propter
753 3149 894 3215 incertos
926 3150 1029 3214 exitus
1060 3151 1199 3235 proelio-

199 3251 223 3300 4
241 3261 322 3304 rum.
366 3236 528 3303 Persuade
554 3235 615 3301 tibi
637 3238 750 3323 igitur,
776 3237 812 3302 in
838 3239 871 3302 te
894 3241 927 3301 et
955 3237 990 3302 in
1012 3236 1117 3303 Bruto
1139 3241 1199 3304 tuo

242 3348 311 3392 esse
343 3326 463 3410 omnia,
492 3345 551 3391 vos
582 3326 771 3410 exspectari,
802 3325 940 3392 Brutum
972 3326 1101 3410 quidem
1132 3327 1200 3391 iam
1303 3321 1304 3363 l

241 3414 378 3498 iamque.
423 3412 516 3490 Quod
539 3411 581 3496 si,
602 3416 639 3477 ut
662 3435 769 3498 spero,
790 3414 884 3479 violis
906 3414 1055 3479 hostibus
1076 3416 1200 3480 uostris

242 3501 408 3585 veneritis,
433 3505 545 3566 temen
572 3501 762 3566 auctoritate
785 3505 893 3566 vestra
914 3523 967 3567 res
993 3502 1123 3586 publiea
1147 3524 1201 3566 ex-

242 3591 355 3672 surget
376 3590 410 3654 et
430 3589 466 3654 in
489 3589 597 3674 aliquo
625 3590 712 3654 statu
738 3588 900 3655 tolerabili
927 3589 1095 3676 consistet,
1122 3594 1202 3656 sunt
1302 3633 1303 3656 ;
