2676 3984
189 234 227 289 M.
247 234 371 289 TULLII
390 233 580 292 CICERONIS
598 233 857 293 EPISTOLARUM
875 236 908 289 X.
930 242 953 289 1.
973 242 997 290 2.
1034 233 1098 301 297

142 379 249 448 bores:
277 399 359 463 quae
386 378 414 444 si
436 378 477 443 ad
499 381 592 444 tuum
619 383 746 464 tempus
770 379 967 464 perducitur,
996 379 1100 444 faoilis

144 467 337 554 gubernatio
356 471 418 550 est3
440 471 477 532 ut
494 467 688 552 perducatur
706 471 823 552 antem,
845 488 983 553 magnae
1002 489 1101 552 quum

145 555 332 641 diligentiae
356 558 413 641 est,
435 559 505 620 tum
528 557 626 620 etiam
648 556 807 621 fortunae.
848 554 911 622 Sed
933 559 1021 620 etta
1044 557 1136 624 ali-a

146 647 272 728 quanto
291 647 381 728 ante,
402 647 441 709 ut
463 666 569 729 spero,
591 644 781 710 habebimus
804 648 849 728 et,
876 648 1102 729 praeterquam

146 733 233 818 quod
258 733 306 797 rei
337 732 484 818 publieae
512 734 678 800 consulere
701 733 866 816 debemus,
898 733 995 798 etiam
1025 736 1101 797 tuae

147 821 299 907 dignitati
321 821 369 886 ita
390 821 549 906 favemus,
575 826 612 888 ut
640 835 735 888 omne
762 825 909 888 nostrum
932 821 1102 889 eonsilium
1207 819 1210 824 '

147 909 302 993 studium,
325 909 468 976 officium
494 931 639 994 operam,
666 910 809 976 laborem
836 909 1038 996 diligentiam
1059 909 1101 976 ad

147 998 392 1084 amplitudinem
413 1002 504 1064 tuam
526 999 742 1064 conferamus:
765 999 812 1064 ita
832 999 985 1064 iaoillime
1004 999 1102 1064 atrei

146 1086 305 1171 publicae,
326 1108 408 1171 quae
431 1086 511 1152 mihi
533 1087 699 1152 carissima
721 1090 785 1170 est,
808 1090 841 1152 et
863 1087 1023 1152 amicitiae
1044 1107 1101 1151 nos

147 1179 248 1259 strae,
279 1195 376 1260 quam
399 1175 600 1241 sanctissime
622 1174 716 1240 nobis
739 1175 907 1241 eolendam
928 1179 1022 1259 puto,
1050 1197 1102 1240 me

147 1263 297 1350 intelligo
325 1263 574 1330 satisiaoturum.
618 1263 775 1330 Furnium
801 1268 950 1333 nostrum
975 1263 1061 1328 tanti
1083 1285 1138 1336 as

146 1356 181 1417 ta
203 1352 282 1437 fieri,
304 1354 462 1436 quantum
488 1353 589 1436 ipsius
615 1353 800 1418 humanitas
822 1356 856 1418 et
877 1351 1019 1438 dignitas
1046 1373 1102 1436 po·

148 1441 263 1524 stulat,
294 1461 354 1506 neo
381 1441 481 1506 miror
507 1445 540 1506 et
566 1439 691 1527 gaudeo
713 1444 809 1526 teque
830 1441 894 1510 hoe
920 1441 1102 1506 existimare

148 1530 238 1614 volo,
261 1529 413 1613 quidquid
440 1530 476 1594 in
499 1550 571 1594 eum
596 1529 707 1596 iudicii
733 1530 893 1614 officiique
921 1530 1103 1614 contuleris,

146 1617 253 1772 {dffita
273 1639 325 1682 me
348 1618 509 1703 accipere,
522 1622 560 1685 ut
580 1619 616 1683 in
638 1641 689 1684 me
711 1619 817 1703 ipsum
839 1623 872 1684 te
894 1621 1006 1703 putem
1028 1639 1102 1689 eon·

199 1727 270 1772 isse.

604 1864 646 1930 ll.

227 1967 284 2044 Sor,
304 1965 410 2026 Romae
428 1969 494 2039 post
511 1968 544 2024 V.
563 1969 629 2024 Idus
647 1968 812 2026 Decembres
830 1984 856 2022 a.
874 1985 902 2024 n
920 1984 944 2023 o.
965 1975 1024 2026 ub.

433 2082 562 2140 CICERO
580 2082 725 2138 PLANCO
744 2081 820 2138 SAL.

218 2179 327 2248 Meum
359 2183 500 2249 studium
531 2184 650 2250 honori
684 2188 742 2248 tuo
773 2205 832 2268 pro
869 2181 1138 2252 necessitudines

149 2275 265 2337 nostra
286 2293 354 2337 non
388 2273 554 2357 defuisset,
585 2273 612 2337 si
645 2276 701 2336 aut
722 2275 793 2337 tuto
816 2271 851 2336 in
878 2273 1026 2336 senatum
1048 2274 1105 2335 aut

148 2360 287 2426 honeste
318 2361 426 2426 venire
457 2362 648 2446 potuissem3
684 2361 740 2424 sed
769 2380 830 2426 neo
862 2359 931 2424 sine
962 2359 1104 2443 periculo

151 2449 321 2534 quisquam
343 2449 442 2514 libere
465 2449 504 2514 de
526 2472 561 2514 re
583 2450 713 2534 publiea
741 2449 882 2514 sentiens
904 2447 1027 2514 uersari
1048 2469 1104 2532 po·

150 2541 218 2604 test
243 2538 278 2603 in
306 2555 431 2602 summa
461 2539 653 2622 impunitate
681 2538 861 2623 gladiorum
887 2558 948 2602 nee
974 2540 1104 2602 nostrae

153 2625 321 2711 dignitatis
344 2626 470 2692 uidetur
492 2647 561 2692 esse
579 2627 624 2692 ibi
643 2628 837 2692 sententiam
859 2626 898 2691 de
920 2647 954 2690 re
976 2626 1106 2710 publiea

152 2713 266 2798 dicere,
288 2714 344 2780 ubi
366 2736 417 2779 me
441 2717 473 2779 et
495 2715 609 2780 melius
632 2719 665 2780 et
686 2715 818 2800 propius
837 2714 972 2779 audiant
990 2714 1105 2778 armati

152 2823 250 2888 quam
272 2805 445 2868 senatores.
482 2801 684 2888 Quapropter
705 2803 741 2867 in
762 2801 897 2887 privatis
918 2803 1015 2867 rebus
1033 2803 1140 2871 nul-2

151 2892 220 2956 lum
246 2913 350 2976 neque
377 2889 520 2957 officium
546 2913 650 2976 neque
678 2891 819 2956 studium
845 2912 953 2956 meum
984 2890 1104 2956 deside

150 2978 252 3064 rabis,
279 3000 320 3045 ne
341 2980 377 3045 in
399 2980 536 3064 publiois
559 2980 700 3064 quidem,
727 2979 854 3065 siquid
881 2980 954 3064 erit,
983 2979 1018 3044 in
1041 3001 1105 3062 quo

151 3089 203 3132 ma
231 3069 385 3134 interesse
412 3089 542 3134 neeesse
569 3069 624 3152 sit,
649 3090 803 3152 umquam
829 3068 937 3152 deero,
964 3089 1006 3133 ne
1032 3087 1106 3130 oum

151 3157 293 3242 periculo
317 3157 446 3241 quidem
468 3178 554 3241 meo,
581 3157 732 3243 dignitati
755 3160 842 3241 tuae,
868 3157 904 3220 in
930 3155 970 3220 iis
998 3159 1106 3220 autem

151 3244 261 3329 rebus,
293 3267 374 3330 quae
406 3245 508 3310 nihilo
540 3246 660 3330 minus,
691 3250 729 3309 ut
755 3265 816 3330 ego
844 3243 960 3326 absim,
992 3241 1106 3308 oonfioi

150 3336 319 3418 poterunt,
344 3337 419 3418 peto
448 3356 468 3397 a
494 3337 526 3398 te
553 3338 591 3398 ut
619 3355 670 3398 me
696 3333 855 3398 rationem
880 3331 999 3396 habere
1026 3330 1107 3395 velis

151 3423 185 3486 et
207 3422 321 3488 salutis
345 3426 378 3486 et
399 3421 566 3507 dignitatis
589 3443 687 3486 meae.

223 3575 276 3648 Ep.
297 3585 360 3646 1,e.
396 3578 528 3646 debemus
546 3578 627 3634 etium
646 3577 721 3645 (W.).
757 3577 795 3644 d,
812 3579 902 3632 tamen
919 3575 965 3644 M,
984 3573 1079 3644 ruho.
