2610 3980
265 236 330 300 130
546 233 584 289 u.
603 197 947 292 rutanmcnaours

264 386 393 465 tempus
425 381 573 464 optatum
603 378 684 443 mihi
714 379 818 466 magis
850 400 948 463 quam
979 382 1156 465 speratum,
1185 384 1225 446 ut

265 467 501 535 florentissimis
522 467 588 532 tuis
610 467 706 531 rebus
728 487 801 532 mea
818 465 956 553 perspici
974 471 1085 552 posset
1102 472 1136 533 et
1156 491 1224 534 me·

265 557 369 622 moria
400 558 530 626 ncsbac
561 555 739 621 voluntatis
771 557 805 620 et
836 555 995 621 amicitiae
1026 555 1119 640 fides;
1151 579 1224 622 sum

266 646 353 710 enim
375 647 565 711 consecutus
588 665 656 708 non
673 643 769 709 modo
792 646 830 709 ut
852 643 966 709 domus
988 646 1047 709 tua
1064 647 1143 730 tota,
1165 647 1224 710 sed

266 737 303 798 ut
325 735 441 798 cuncta
464 731 577 796 civitas
599 753 650 796 me
672 731 733 797 tibi
755 731 984 797 amicissimum
1011 753 1080 798 esse
1103 753 1224 820 cogno-

267 825 377 887 sceret.
421 819 536 904 Itaque
563 823 596 886 et
617 819 895 905 praestantissima
920 820 1066 886 omnium
1087 819 1225 886 femina·

265 931 347 993 rum,
369 911 537 992 uxortua,
560 911 593 972 et
611 907 727 972 eximia
743 908 873 993 pictate,
895 909 1023 992 virtute,
1045 909 1152 994 gratia
1173 912 1226 975 tui

267 997 373 1062 Crassi
394 997 474 1062 meis
497 995 649 1082 consiliis,
671 996 816 1081 monitis,
839 996 954 1062 studiis
977 997 1226 1083 actionibusque

266 1086 417 1151 nituntur
438 1088 471 1150 et
498 1088 629 1150 senatus
651 1085 853 1170 populusque
875 1083 1042 1151 Romanus
1068 1085 1227 1172 intelligit

266 1175 327 1239 tibi
350 1175 476 1240 absenti
498 1173 581 1238 nihil
603 1181 672 1238 esse
694 1175 763 1238 tam
784 1176 971 1258 promptum
997 1177 1055 1240 aut
1075 1177 1143 1239 tam
1166 1197 1226 1260 pa-

267 1267 375 1327 ratum
401 1284 500 1346 quam
525 1262 561 1326 in
589 1261 738 1327 omnibus
760 1262 871 1346 rebuS,
898 1283 980 1346 quae
1007 1262 1048 1326 ad
1070 1263 1103 1327 te
1125 1265 1227 1348 perti·

267 1354 380 1434 noant,
412 1371 557 1434 operam,
592 1371 715 1434 curam,
751 1349 965 1435 diligentiam,
997 1351 1227 1417 auctoritatem

231 1450 381 1503 cineam.
427 1437 515 1514 Quae
542 1437 608 1503 sint
630 1441 703 1509 acte
725 1458 869 1522 quaeque
893 1441 1045 1524 agantur,
1072 1439 1227 1506 domesti-

269 1549 379 1592 corum
401 1527 461 1590 tibi
482 1526 599 1591 litteris
622 1525 778 1592 declarari
799 1529 893 1611 puto:
916 1527 955 1591 de
977 1548 1029 1591 me
1047 1527 1093 1592 sic
1115 1528 1227 1594 existi-

268 1637 336 1680 mes
359 1636 396 1680 ac
418 1614 479 1680 tibi
500 1613 694 1700 persuadeas
716 1614 922 1680 vehementer
943 1615 1053 1701 velim,
1080 1637 1148 1681 non
1171 1639 1228 1682 me

268 1703 438 1788 repentina
470 1703 578 1787 aliqua
608 1703 776 1768 voluntate
807 1706 865 1768 ant
895 1703 1031 1768 fortuito
1063 1703 1105 1768 ad
1131 1707 1227 1771 tuam

269 1791 514 1878 amplitudinem
535 1791 615 1856 meis
639 1790 753 1857 officiis
784 1791 1040 1875 amplectendam
1061 1791 1228 1879 incidisse,

270 1882 334 1964 sed,
356 1884 394 1946 ut
415 1880 555 1965 primum
569 1880 685 1944 *forum
707 1879 883 1965 attigerim,
905 1883 1066 1966 spectasse
1089 1900 1228 1967 semper,

134 2040 138 2047 ¹
269 1971 307 2034 ut
327 1969 388 2034 tibi
409 1990 538 2054 possem
561 1989 658 2052 quam
679 1967 816 2033 maxime
839 1989 909 2034 esse
931 1969 1135 2053 coniunctus,
1158 1991 1227 2055 quo

269 2058 399 2142 quidem
429 2079 469 2122 ex
498 2060 643 2142 tempore
674 2057 829 2122 memoria
858 2060 954 2123 teneo
985 2079 1090 2142 neque
1117 2080 1228 2124 meam

268 2147 330 2212 tibi
352 2147 591 2212 observantiam
613 2167 717 2230 neque
739 2145 819 2210 mihi
837 2148 929 2211 tuam
947 2167 1104 2210 summam
1125 2147 1227 2213 bene·

236 2249 243 2263 ·
269 2235 445 2302 volentiam
467 2256 505 2298 ac
526 2234 754 2300 liberalitatem
775 2233 923 2302 defuisse.
964 2231 1102 2318 siquae
1124 2234 1227 2301 inter·
1294 2303 1295 2306 ,

270 2324 418 2388 ciderunt
442 2343 511 2388 non
536 2325 605 2386 tam
631 2343 666 2386 re
689 2343 786 2406 quam
808 2322 989 2406 suspicione
1015 2323 1149 2408 violata,
1176 2346 1228 2410 ea,

270 2432 370 2494 quum
400 2410 524 2475 fuerint
554 2413 588 2474 et
616 2410 701 2474 falsa
733 2414 766 2474 et
795 2411 919 2494 inania,
949 2409 1017 2474 sint
1047 2412 1158 2476 evulsa
1186 2435 1229 2479 ex

270 2499 360 2564 omni
380 2498 536 2564 memoria
557 2499 686 2582 vitaque
708 2502 834 2582 nostra3
855 2499 884 2563 is
902 2500 989 2564 enim
1011 2502 1047 2564 tu
1065 2500 1115 2564 vir
1132 2521 1167 2565 es
1192 2506 1229 2567 et

271 2608 345 2652 eum
361 2607 414 2652 me
432 2608 501 2652 esse
517 2587 620 2671 cupio,
638 2591 684 2672 ut,
702 2587 855 2672 qnoniam
872 2587 907 2651 in
926 2587 1037 2652 eadem
1054 2588 1101 2652 rei
1117 2589 1227 2673 publi·
1293 2647 1294 2654 ,

271 2697 327 2740 cae
344 2678 492 2761 tempora
508 2675 687 2759 incidimus,
709 2676 968 2743 coniunctionem
986 2677 1228 2762 amicitiamque

234 2782 253 2832 4
270 2769 416 2831 nostram
433 2765 561 2848 utrique
578 2767 726 2830 nostrum
743 2764 832 2830 laudi
849 2785 974 2850 sperem
991 2765 1070 2830 fore.
1106 2763 1228 2842 Quam-

271 2853 382 2918 obrem
412 2856 462 2937 tn,
494 2855 649 2937 quantum
682 2856 739 2918 tuo
768 2852 886 2917 iudicio
916 2852 1125 2918 tribuendum
1154 2875 1230 2921 esse

270 2943 364 3008 nobis
391 2945 498 3027 putes,
527 2943 650 3007 statues
676 2941 745 3025 ipse
768 2943 813 3023 et,
839 2945 877 3005 ut
902 2961 1012 3025 spero,
1039 2944 1161 3007 statues
1186 2962 1231 3009 ex

270 3034 383 3096 nostra
405 3030 573 3116 dignitate,
595 3049 656 3115 ego
678 3049 755 3093 vero
776 3029 837 3092 tibi
859 3029 1013 3113 profiteor
1035 3033 1132 3114 atque
1154 3033 1230 3115 pol-

270 3120 370 3186 liceor
391 3119 542 3184 eximium
564 3121 597 3182 ct
615 3118 779 3203 singulare
796 3137 904 3182 meum
921 3117 1064 3182 studium
1081 3118 1117 3184 in
1134 3122 1230 3185 omni

271 3230 388 3294 genere
411 3207 519 3292 offleii,
540 3205 626 3291 quod
649 3205 690 3270 ad
707 3205 911 3271 honestatem
928 3209 961 3270 et
978 3206 1116 3291 gloriam
1132 3209 1232 3274 tuam

272 3300 402 3383 spectet.
447 3295 488 3361 In
509 3317 587 3380 quo,
609 3294 736 3359 etiamsi
757 3294 851 3359 multi
871 3315 997 3360 mecum
1018 3294 1232 3382 contendent,

270 3389 380 3452 tamen
394 3406 493 3469 quum
512 3383 643 3468 reliquis
661 3381 819 3467 omnibus,
836 3386 906 3448 tum
920 3379 1043 3448 Crassis
1061 3383 1126 3448 tuis
1142 3383 1232 3450 iudi·

272 3473 361 3538 cibus
375 3495 487 3539 omnes
499 3471 594 3537 facile
612 3471 784 3557 superabo;
806 3492 886 3555 quos
905 3470 1034 3555 quidem
1052 3491 1113 3558 ego
1128 3473 1233 3539 ambo

272 3560 364 3624 unice
387 3561 497 3646 diligo,
520 3560 575 3626 sed
597 3561 632 3625 in
654 3559 799 3625 Marcum
821 3559 1047 3625 benevolentia
1069 3560 1139 3645 pari
1161 3559 1234 3628 hoe
