2586 3982
362 223 620 286 asrssotlnun
638 231 686 285 111.
705 236 730 286 6.
979 227 1022 294 69

89 372 227 458 fugientis
249 396 466 462 congressum,
487 397 595 440 meum
617 396 693 441 vero
717 374 969 465 coniunctissimi
991 377 1025 440 et

89 463 258 528 amicissimi
289 485 357 529 esse
387 464 545 542 videatur,
591 461 640 528 Ac
671 463 751 528 milri
781 466 905 546 tamen,
936 468 1060 529 ante-4

90 571 171 632 quam
191 551 226 616 in
247 552 448 636 provinciam
469 553 557 637 veni,
579 552 722 618 redditae
745 555 918 617 suntote
940 552 1024 617 litte·

89 660 141 723 rae,
160 641 274 724 quibus
297 641 358 708 etsi
378 643 412 706 te
431 640 568 706 Tarsum
589 640 750 726 proficisci
772 640 1026 724 demonstrabas,

88 729 183 792 umen
201 729 283 796 mihi
305 751 374 795 non
396 728 526 794 dubiam
549 750 639 813 spem
661 729 725 794 mei
743 728 957 794 conveniendi
979 728 1025 793 af·

89 813 205 902 ferebas,
227 839 329 902 quum
350 819 483 902 interea,
505 818 600 883 eredo
618 817 775 902 equidem,
796 817 947 884 malevoli
968 816 1026 883 ho·

89 904 175 970 mines
201 942 243 954 —
271 907 339 972 late
370 907 456 972 enim
486 910 582 992 patet
607 906 671 972 hoc
701 906 816 971 vitium
847 910 880 971 et
911 909 962 972 est
990 906 1025 970 in

89 993 181 1058 multis
203 1031 261 1079 -,
289 995 346 1060 sed
377 998 487 1060 tamen
513 994 714 1080 probabilem
744 995 912 1060 materiem
937 995 1027 1060 nacti

89 1083 227 1148 sermonis
250 1084 360 1170 ignari
385 1105 475 1149 meae
498 1084 700 1150 constantiae
728 1082 929 1148 conabantur
951 1084 1026 1148 alie·

89 1189 152 1235 nare
176 1193 196 1237 a
221 1176 255 1237 te
283 1173 484 1238 voluntatem
510 1194 628 1257 meam,
657 1171 714 1256 qui
739 1174 773 1236 te
800 1170 907 1236 forum
935 1169 1028 1236 'Persi

89 1278 176 1344 agere,
198 1263 342 1326 statuere
363 1262 482 1344 multa,
504 1260 687 1346 decernere,
713 1259 854 1324 iudicare
877 1259 1028 1344 dicerent,

90 1367 172 1428 quum
183 1371 296 1433 posses
314 1349 380 1414 iam
397 1350 553 1434 suspicari
571 1350 632 1414 tibi
650 1370 720 1414 esse
738 1369 928 1432 successum,
946 1369 1028 1434 quae

89 1455 121 1498 ne
140 1436 177 1501 ab
198 1437 238 1502 iis
263 1438 393 1522 quidem
415 1438 485 1502 fieri
507 1439 661 1522 solerent,
689 1438 743 1522 qui
770 1437 858 1502 brevi
882 1440 1027 1521 tempore

90 1522 139 1587 sibi
167 1526 293 1590 succedi
325 1529 485 1610 putarent.
529 1524 657 1593 Horum
687 1546 748 1611 ego
780 1546 926 1590 sermone
960 1537 1063 1590 nono

90 1613 232 1699 movebar,
256 1615 337 1699 quin
359 1615 466 1700 etiam,
488 1615 598 1680 credas
620 1614 701 1681 mihi
719 1613 824 1698 velim,
847 1613 969 1698 siquid
991 1616 1028 1679 tu

90 1719 197 1786 ageres,
228 1702 332 1769 levari
358 1724 409 1768 me
439 1704 596 1787 putabam
622 1703 772 1769 molestia
799 1704 832 1766 et
858 1723 898 1766 ex
920 1723 1029 1766 annua

90 1790 252 1877 provincia,
285 1813 368 1876 quae
395 1791 474 1856 mihi
501 1793 602 1877 longa
627 1791 802 1875 videretur,
831 1812 933 1876 prope
963 1791 1029 1855 iam

90 1877 221 1946 undecim
248 1901 399 1944 mensum
428 1881 628 1964 provinciam
654 1880 776 1944 factam
808 1900 877 1944 esse
911 1879 1028 1965 gaude·

90 1962 164 2051 bam,
188 1968 216 2032 si
239 1968 370 2053 absenti
391 1967 471 2032 mihi
492 1968 588 2034 unius
610 1968 730 2033 mensis
751 1967 845 2033 labor
866 1967 1029 2034 detractus

91 2058 172 2119 esset:
197 2057 294 2141 illud,
317 2078 391 2122 vere
413 2056 531 2141 dicam,
552 2078 604 2122 me
626 2059 749 2140 movet,
775 2057 812 2120 in
833 2058 927 2120 tanta
948 2056 1030 2120 mili·

89 2143 147 2206 tum
166 2146 332 2229 paucitate
354 2145 466 2210 abesse
488 2149 554 2210 tres
582 2144 744 2228 cohortes,
771 2163 852 2228 quae
875 2143 942 2208 sint
964 2144 1030 2226 ple·

90 2230 234 2319 nissimae,
252 2254 316 2300 nec
333 2255 384 2297 me
403 2234 483 2300 scire
501 2234 558 2298 ubi
576 2234 654 2317 sint;
676 2229 900 2297 molestissime
922 2234 1031 2298 autem

90 2315 155 2402 fero,
175 2322 273 2406 quod,
295 2325 328 2386 te
351 2320 407 2386 ubi
429 2323 555 2388 visurus
577 2323 648 2406 sim,
670 2321 788 2405 nescio,
810 2341 911 2406 eoque
934 2319 976 2384 ad
998 2323 1031 2386 te

91 2408 197 2475 tardius
216 2410 343 2496 scripsi,
363 2409 449 2494 quod
467 2411 609 2495 quotidie
626 2415 660 2474 te
677 2409 785 2494 ipsum
798 2409 1033 2495 exspectabam,

92 2513 175 2576 quum
195 2499 325 2564 interea
345 2519 387 2562 ne
409 2499 533 2564 litteras
556 2498 685 2584 quidem
707 2498 790 2562 ullas
809 2499 926 2583 accepi,
949 2520 1033 2584 quae

91 2603 132 2648 me
151 2585 313 2672 docerent,
336 2586 412 2671 quid
435 2608 546 2674 ageres
569 2590 626 2652 aut
645 2586 703 2652 ubi
724 2589 757 2650 te
775 2586 901 2652 visurus
920 2609 1032 2652 essem.

91 2667 188 2758 ltaque
210 2676 320 2742 virum
345 2674 464 2740 fortem
490 2675 633 2761 mihique
655 2675 824 2759 inprimis
850 2674 1032 2760 probatum,

91 2755 123 2823 D.
140 2761 336 2848 Antonium,
362 2765 561 2848 praefectum
584 2767 803 2847 evocatorum,
830 2763 903 2827 misi
926 2763 967 2828 ad
989 2768 1032 2848 te,

92 2848 144 2933 eui,
172 2853 200 2916 si
225 2853 289 2917 tibi
316 2851 489 2937 videretur,
521 2853 669 2918 cobortes
696 2852 855 2934 traderes,
878 2854 928 2936 ut,
956 2852 1032 2917 dum

91 2936 203 3024 tempus
227 2940 310 3006 anni
331 2943 415 3006 esset
436 2941 601 3026 idoneum,
628 2939 749 3024 aliquid
776 2939 900 3026 negotii
922 2960 1032 3026 gerere

92 3043 218 3114 possem3
245 3030 282 3093 in
305 3050 382 3114 quo,
408 3031 466 3095 tuo
489 3030 623 3095 oonsilio
646 3033 684 3093 ut
705 3049 756 3092 me
779 3049 941 3111 sperarem
963 3051 1034 3094 esse

93 3132 219 3204 usurum,
242 3121 276 3182 et
299 3116 440 3184 amicitia
457 3120 571 3184 nostra
593 3120 626 3182 et
642 3118 769 3181 litterae
786 3120 863 3182 tuae
880 3116 1032 3202 fecerant,

94 3203 166 3281 quod
186 3227 228 3270 ne
250 3227 340 3270 nunc
362 3205 491 3290 quidem
514 3206 661 3290 desper03
687 3204 744 3270 sed
765 3205 875 3289 plane,
902 3205 1031 3290 quando

94 3293 140 3354 eut
159 3292 214 3357 ubi
235 3296 269 3360 te
296 3293 424 3358 visurus
447 3293 520 3379 sim,
548 3293 613 3360 nisi
639 3293 680 3358 ad
707 3314 758 3356 me
786 3292 964 3377 scripseris,
990 3315 1035 3360 ne

152 3499 201 3572 sp.
221 3510 246 3574 e,
260 3510 285 3559 5.
330 3503 368 3558 n.
392 3503 545 3558 Antaeum
573 3503 690 3573 (saites
712 3501 803 3571 oona).
849 3478 917 3556 isca
935 3501 970 3555 A.
995 3501 1033 3554 u.

95 3565 234 3628 eamcam
251 3576 345 3648 vulgo.
