2578 3978
374 229 635 288 EPISTOLARUM
651 230 673 286 1.
692 237 717 286 9.
983 232 1026 298 27

14 371 15 444 l
122 373 171 440 ubi
191 373 374 440 nominabit
394 373 597 458 Phaedriam,
618 377 656 440 tu
678 373 882 460 Pamphilam

121 463 282 546 continu03
305 462 485 546 siquando
508 463 566 528 illa
587 462 685 528 dicet:
707 462 918 548 „Phaedriam
939 465 988 531 in·

14 557 15 580 l
119 551 333 616 immittamus
356 549 624 634 commissatum“,
646 553 697 616 tu:
718 551 965 638 ,Pamphilam

14 655 15 722 ξ
117 642 280 705 cantatum
302 637 545 722 provocemus“;
568 638 597 704 si
617 639 764 706 laudabit
785 640 866 706 heeo

14 725 15 740 ³
115 727 199 792 illius
220 721 371 810 formam,
392 729 430 792 tu
451 726 548 792 huius
571 731 702 810 mutra3
723 728 861 813 denique

14 865 15 868 ,
114 837 171 900 par
192 836 254 900 pro
277 814 351 898 pari
372 815 502 900 referto,
524 815 706 899 quod'eam
727 817 882 883 mordeat

14 991 15 994 η
76 935 123 1003 Sic
143 938 246 1024 petivi
268 959 289 1003 a
311 937 479 1023 iudicibus,
502 943 552 1024 ut,
575 940 728 1024 quoniam
750 924 881 1025 quida‘m
903 941 1028 1007 nobiles

75 1026 216 1091 homines
249 1029 283 1091 et
311 1025 351 1091 de
382 1040 434 1092 me
463 1027 584 1114 optime
616 1029 723 1094 meriti
753 1028 850 1094 nimis
882 1034 1030 1095 amarent

14 1143 15 1184 1
74 1114 236 1180 inimicum
262 1136 371 1180 meum
399 1137 515 1200 meque
541 1116 744 1220 inspectante
772 1138 867 1202 saepe
895 1139 968 1182 eum
994 1118 1030 1183 in

14 1223 15 1232 ¹
75 1207 182 1268 senatu
210 1202 309 1267 modo
338 1224 446 1268 serere
474 1204 676 1289 seducerent,
706 1204 802 1270 modo
829 1203 1032 1270 familiariter
1056 1272 1074 1281 ,,

14 1293 15 1302 ’
74 1295 164 1376 atque
182 1291 289 1355 hilare
303 1292 570 1377 amplexarentur,
584 1293 799 1377 quoniamque
812 1293 860 1357 illi
873 1293 1032 1359 haberent
1077 1339 1088 1362 .

75 1401 162 1444 suum
185 1377 348 1462 Publium,
370 1380 486 1444 darent
507 1379 588 1444 mihi
608 1381 672 1466 ipsi
695 1382 794 1445 alium
813 1379 973 1466 Publium,
996 1383 1032 1447 in

14 1491 15 1494 ¹
74 1489 133 1552 quo
160 1489 293 1552 possem
318 1467 449 1532 illorum
476 1469 602 1533 animos
633 1469 836 1536 mediocriter
864 1469 1031 1535 lacessitus

14 1583 15 1622 3
74 1557 184 1621 leviter
201 1576 396 1641 repungere3
417 1577 522 1641 neque
541 1557 646 1622 solum
660 1557 733 1641 dixi,
754 1557 810 1623 sed
824 1557 922 1622 etiam
936 1580 1031 1643 saepe

14 1671 16 1730 3
74 1645 153 1710 facio
177 1643 248 1708 dois
270 1643 518 1728 hominibusque
546 1645 810 1730 approbantibus.
854 1645 965 1712 Habes
991 1646 1031 1711 de
1050 1659 1084 1706 20

75 1732 219 1798 Vatinio:
251 1753 340 1798 nune
371 1752 531 1818 cognosce
563 1733 602 1798 de
633 1731 759 1800 Crasso.
813 1733 900 1820 Ego,
932 1756 1032 1819 quum

75 1821 150 1885 mihi
172 1841 250 1885 cum
276 1819 333 1884 illo
355 1841 477 1906 magna
502 1821 568 1885 iam
590 1823 696 1907 gratia
724 1826 823 1907 esset,
850 1822 936 1907 quod
963 1823 1032 1887 eius

77 1930 185 1974 omnes
217 1907 425 1994 gravissimas
461 1909 595 1974 iniurias
627 1911 806 1976 communis
842 1911 1032 1977 concordiae

78 2019 167 2062 causa
190 1997 378 2062 voluntaria
399 1997 540 2081 quadam
559 1997 719 2064 oblivione
738 1999 962 2082 contriveram,
983 2021 1032 2063 re·
1087 2005 1089 2008 ’

78 2086 243 2169 pentinum
265 2085 334 2149 eius
357 2084 578 2172 defensionem
600 2085 739 2170 Gabinii,
761 2109 857 2170 quem
878 2088 1032 2171 proximis

14 2251 15 2258 ψ
80 2171 1034 2328 stillulisqueotplttt'tlstlfbl

80 2372 174 2434 quum
206 2370 258 2414 me
286 2349 528 2434 disputantem·
545 2372 613 2416 non
639 2286 850 2416 ldeesseirtem
879 2311 1034 2436 laesisset:

80 2439 179 2503 exarsi
196 2458 267 2503 non
286 2438 390 2502 solum
406 2439 580 2524 praesenti,
602 2440 706 2524 credo,
728 2438 1035 2504 iracundia-nam

80 2547 115 2590 ca
144 2530 214 2590 tam
250 2525 422 2591 vehemens
457 2526 596 2592 fortasse
630 2549 699 2593 non
733 2527 850 2592 fuisset
881 2564 940 2612 -,
970 2527 1035 2612 sed,
1077 2602 1082 2611 p

81 2636 176 2698 quum
198 2613 361 2678 inclusum
385 2614 467 2680 illud
494 2615 604 2680 odium
630 2615 805 2680 multarum
831 2616 899 2680 eius
925 2616 962 2680 in
983 2637 1035 2680 me

80 2702 278 2785 iniuriarum,
301 2703 387 2786 quod
410 2723 470 2789 ego
489 2703 638 2768 effudisse
656 2725 707 2768 me
731 2725 826 2769 omne
845 2704 1035 2788 arbitrabar,

81 2790 241 2856 residuum
263 2793 375 2854 tamen
395 2790 552 2856 insciente
574 2791 768 2876 metuisset,
790 2813 886 2856 omne
902 2796 1035 2877 repente

80 2879 242 2964 apparuit:
272 2899 336 2962 quo
360 2879 488 2964 quidem
514 2883 659 2964 tempore
686 2880 758 2964 ipso
781 2879 912 2964 quidam
933 2881 1036 2947 homi-

79 2989 145 3051 nes,
167 2970 202 3031 et
223 2966 322 3031 iidem
343 2967 401 3052 illi,
423 2988 504 3052 quos
528 2989 622 3053 saepe
639 2974 719 3033 autu
737 2968 1036 3054 significationeque

80 3056 217 3140 appello,
235 3075 336 3140 quum
352 3075 387 3121 se
404 3055 580 3120 maximum
594 3056 736 3122 fructum
753 3057 874 3141 cepisse
893 3057 1037 3122 dicerent

150 3281 203 3352 Ep.
218 3289 243 3351 9,
259 3288 301 3338 19.
336 3281 504 3338 Phaedriam
517 3281 688 3356 iaulltrom.
704 3284 820 3354 (vulgo).
840 3235 892 3336 ·P,
906 3283 916 3351 ΙΙ
928 3282 1037 3336 iaham.

14 3407 15 3410 ,
82 3351 111 3406 Β.
131 3381 166 3392 -
185 3357 229 3406 tu:
251 3352 448 3421 „Pumpbslum
466 3353 583 3476 (vulgo).
621 3353 798 3422 Pamphilam
815 3353 880 3408 ΜΒ.
917 3358 959 3406 20.
984 3349 1049 3405 Va·

548 3463 565 3490 ’1

81 3421 165 3476 tinio:
181 3439 257 3477 nunc
273 3439 401 3493 saporosos
418 3423 486 3492 (W).
583 3439 604 3478 c.
620 3424 686 3478 ΜΒ.
706 3453 740 3464 -
754 3438 837 3492 prox.
904 3421 1038 3477 amoribus

14 3509 15 3552 l
81 3493 141 3562 (M).
172 3494 320 3618 acquae]
340 3493 444 3562 Cobet,
463 3493 494 3548 Β.
514 3525 546 3536 -
566 3493 662 3560 sciscat
679 3509 763 3561 omae,
780 3507 837 3560 rep
906 3494 942 3560 .)?
962 3519 995 3532 -
1013 3497 1039 3546 et

14 3561 15 3638 ξ
82 3564 164 3619 sam
182 3563 227 3631 (ea
248 3605 254 3618 .
273 3566 364 3634 vete).
400 3569 426 3618 a
442 3565 527 3618 aaa„
545 3564 628 3620 ue„
