2578 3978
247 241 290 304 22
537 240 575 294 ιι
595 237 718 294 TULLII
731 237 921 294 CICERONIS

246 385 447 451 voluntatem
469 382 512 449 ud
534 383 650 448 summi
671 383 734 448 viri
756 383 795 448 ds
816 403 931 467 meque
959 382 1080 466 optime
1097 381 1211 449 meriti

196 485 229 534 ιι
249 473 441 558 dignitatem
472 492 708 557 aggregassem.
762 470 803 535 In
832 471 895 536 hae
926 471 1088 536 sententia
1118 491 1212 536 eom-

247 561 435 646 pleetendus
458 563 528 624 erat
548 559 629 624 mihi
647 557 833 643 osismus
818 558 984 642 tvidess
974 579 1010 623 m
1032 558 1213 624 coniuncta

249 653 282 714 ιι
303 669 401 715 eausa
423 651 456 713 et
477 647 648 733 dignitate
670 647 724 712 hie
746 647 885 712 multum
905 608 1008 712 valuit
1030 668 1129 731 quum
1151 667 1213 712 ve·

247 743 301 803 tus
324 737 478 819 amicitia,
500 758 598 820 quam
619 738 657 800 tu
679 755 748 802 non
769 735 902 820 ignoras
925 734 1005 800 mihi
1028 739 1061 800 et
1083 733 1212 810 Quinto

247 825 342 890 fratri
364 845 438 890 oum
461 822 596 889 Caesare
624 823 739 909 fuisse,
765 826 836 888 tum
862 822 1047 888 humanitas
1074 823 1143 888 eius
1166 845 1212 889 ao

248 913 424 978 liberalitas
451 912 542 977 brevi
566 915 712 997 tempore
740 914 774 976 et
794 911 911 976 litteris
934 915 968 976 et
983 910 1112 976 ‘officiis
1133 932 1212 996 per·

249 1004 360 1085 sprota
381 1000 476 1065 nobis
498 1003 532 1064 et
554 1001 699 1086 eognita3
720 999 927 1064 vehementer
945 998 1044 1064 etium
1064 1020 1117 1064 res
1133 999 1214 1084 ipsa

248 1089 378 1174 publiea
399 1109 452 1154 me
474 1087 589 1173 movit,
618 1109 700 1172 quae
726 1087 808 1152 mihi
833 1087 1004 1152 videbatur
1026 1088 1212 1154 eontentio·
1282 1135 1286 1152 .

248 1199 337 1261 nem,
365 1177 555 1279 praesertim
581 1176 728 1241 maximis
759 1176 855 1240 rebus
887 1197 907 1240 a
934 1172 1070 1242 Caesare
1097 1177 1214 1262 gestis,

249 1287 323 1331 eum
343 1265 410 1330 illis
436 1265 514 1330 viris
540 1265 627 1338 nolle
652 1264 724 1328 fieri
746 1267 787 1348 et,
814 1284 857 1328 ne
878 1264 980 1347 fieret,
1000 1263 1215 1330 vehementer

248 1373 409 1437 reeusa103
443 1351 632 1438 ςιιιιιιιιιιι
663 1355 771 1416 autem
800 1373 851 1416 me
881 1351 918 1416 in
947 1352 1033 1418 hane
1063 1355 1213 1418 mentem

249 1439 600 1614 {illiditur}
620 1439 902 1629 ιιιιιιιιιιῗ
925 1437 1213 1612 &inimi

600 1577 608 1612 ι
894 1576 903 1613 ι

249 1618 330 1683 haee
356 1615 676 1682 animadvertenda
666 1637 703 1680 1n
730 1616 872 1701 civitate,
903 1637 985 1700 quae
1017 1619 1094 1682 sunt
1119 1617 1212 1702 apud

249 1706 420 1771 Platonem
446 1708 595 1770 nostrum
626 1705 745 1789 scripta
773 1704 941 1788 divinitus,
969 1706 1080 1789 quales
1106 1705 1143 1769 in
1171 1727 1211 1770 re

250 1794 380 1878 publiea
406 1794 568 1878 principes
595 1796 717 1876 essent,
744 1793 827 1857 tales
848 1793 989 1876 reliquos
1012 1793 1114 1858 solere
1136 1814 1211 1858 esse

251 1882 344 1946 aives.
389 1881 554 1946 Tenebam
575 1880 730 1946 memoria
750 1881 845 1945 nobis
868 1880 1053 1946 consulibus
1076 1902 1115 1946 ea
1132 1881 1210 1946 fun-

251 1970 403 2036 demente
414 1969 501 2034 iueta
512 1969 579 2033 iam
596 1991 636 2034 ax
648 1968 803 2034 Kalendis
817 1967 976 2034 Ianuariis
994 1968 1211 2034 confirmandi

252 2061 397 2142 senatus,
428 2060 467 2121 ut
492 2058 655 2122 neminem
685 2057 797 2122 mirari
827 2059 991 2141 oporteret
1015 2055 1121 2122 Nonis
1143 2056 1210 2123 De·

251 2146 368 2212 oembr.
394 2147 524 2211 tantum
549 2146 602 2211 vel
627 2145 728 2210 animi
753 2145 853 2210 fuisse
879 2145 916 2210 in
936 2145 993 2211 illo
1021 2145 1133 2210 ordine
1155 2147 1211 2211 ιιι
1284 2225 1285 2232 ¹

252 2234 463 2318 auctoritatis,
484 2233 632 2318 idemque
654 2233 863 2298 memineram
884 2233 979 2298 nobis
996 2233 1132 2317 privatis
1154 2255 1210 2298 us·

252 2343 314 2407 que
336 2321 378 2386 ad
401 2319 571 2385 Gaesarem
597 2322 631 2384 et
651 2318 805 2383 Bibulum
826 2321 987 2395 eonsules,
1014 2343 1114 2405 quum
1136 2342 1210 2387 sen-

251 2408 375 2474 tentiae
393 2411 524 2473 nostrae
541 2427 697 2492 magnum
714 2407 751 2471 in
769 2411 883 2472 senatu
900 2408 1028 2510 pondus
1040 2409 1210 2493 heberent,

201 2518 234 2568 ιι
252 2517 354 2562 unum
370 2496 438 2560 fere
456 2515 587 2559 sensum
603 2495 702 2560 fuisse
720 2495 880 2560 bonorum
897 2497 1051 2562 omnium.
1080 2495 1210 2582 Postea,
1283 2489 1284 2512 ¹

253 2605 352 2669 quum
379 2587 416 2647 ιιι
441 2581 636 2667 Hispaniam
657 2583 838 2648 ulteriorem
864 2605 937 2649 oum
963 2584 1098 2668 imperio
1126 2585 1210 2650 obli·

252 2692 346 2737 neres
368 2691 473 2755 neque
494 2691 548 2772 res
569 2670 699 2754 publiea
718 2672 865 2738 consules
882 2671 1026 2755 haberet,
1048 2672 1104 2737 sed
1126 2694 1209 2738 mer-
1282 2753 1283 2756 Ἴ

253 2764 379 2826 satores
405 2757 644 2842 provinciarum
669 2762 703 2823 et
729 2759 923 2825 seditionum
949 2780 1124 2825 servosne
1150 2761 1210 2826 mi·
1282 2770 1283 2787 ¹

253 2848 383 2931 nistros,
388 2847 464 2912 iecit
476 2846 607 2931 quidam
621 2867 714 2912 casus
727 2850 825 2930 eaput
837 2859 943 2912 meum
957 2848 1050 2931 quasi
1062 2849 1211 2914 ιιιιιιιιι·

253 2936 305 3000 nis
324 2955 421 3000 eausa
437 2935 473 2998 in
490 2934 629 3000 mediam
650 2935 892 3000 contentionem
913 2934 1210 3020 dissensionemque
1281 2989 1282 3012 2

254 3022 393 3107 civilem,
419 3044 483 3107 quo
510 3023 546 3087 in
567 3022 751 3088 discrimine
772 3043 871 3106 quum
893 3022 1046 3089 mirificus
1069 3029 1210 3107 senatus,
1281 3019 1282 3059 ι

253 3110 450 3176 incredibilis
472 3109 586 3174 Italiae
608 3110 722 3194 totius,
745 3110 919 3195 singularis
939 3113 1086 3177 omnium
1108 3112 1209 3178 bono·

254 3219 327 3264 rum
354 3219 528 3264 consensus
555 3197 592 3261 in
618 3196 817 3264 metuendo
849 3199 1037 3284 exstitisset,
1066 3221 1136 3266 non
1162 3200 1209 3264 di·
1280 3243 1281 3260 ι

255 3307 335 3372 eam,
357 3285 434 3370 quid
457 3284 608 3350 aoeiderit
622 3319 663 3332 -
678 3286 855 3352 multorum
881 3291 931 3354 est
957 3286 1044 3352 enim
1065 3292 1100 3353 et
1122 3289 1210 3354 veria
1280 3265 1281 3331 ι

325 3465 377 3563 up.
397 3498 474 3560 ιιι.
499 3492 632 3560 missus
646 3463 776 3563 (erasa).
801 3493 998 3563 messiane.
1014 3521 1048 3536 -
1066 3509 1210 3552 cosm

256 3563 314 3632 (ιι).
350 3563 489 3618 amasso
507 3563 571 3618 ιιι

1276 3917 1278 3953 l
