2578 3978
326 180 586 256 nrssuonn'nuu
605 201 626 255 1.
644 205 669 256 s.
689 207 714 255 o.
961 199 1001 262 17

79 342 145 406 tibus
164 347 193 408 et
213 344 425 426 senatoribus,
446 347 624 428 oeteraqne,
647 365 728 428 quae
752 345 792 408 ad
811 347 845 408 te
864 345 1002 428 pertine·

80 430 149 515 bunt,
167 455 260 516 quum
278 432 376 498 etiarn
393 433 466 516 plus
486 432 754 515 contenderimus,
776 453 872 516 quam
890 455 1002 517 posen·

80 540 141 602 nus,
160 521 258 587 minus
280 525 393 587 tamen
413 520 577 618 faciemus,
599 543 696 605 quam
719 520 879 585 debemus.

496 714 553 778 IX.

26 851 27 854 ¹
141 823 193 880 Ser.
211 825 316 880 Romae
336 825 454 880 exeunte
472 841 567 883 mense
586 825 702 880 Octobri
720 841 745 880 a.
765 843 791 878 u.
811 843 834 880 o.
855 831 915 881 too,

222 950 259 1004 Μ.
279 947 407 1004 CICERO
428 947 454 1004 S.
469 948 502 1004 D.
516 948 547 1003 P.
566 947 739 1004 LENTULO
754 949 828 1005 ΙΜΡ.

125 1047 337 1116 Periuoundae
356 1047 437 1114 mibi
463 1047 596 1112 fuerumt
624 1048 750 1112 litterae
769 1051 861 1130 tuae,
888 1050 1005 1133 quibus
1025 1062 1038 1111 1

77 1135 192 1202 intellexi
210 1141 243 1202 te
265 1137 448 1221 perspicere
470 1157 574 1200 meam
596 1137 631 1201 in
653 1139 686 1200 te
704 1137 858 1219 pietatem
872 1137 1006 1221 -quid

78 1226 144 1288 euim
162 1225 263 1290 dicam
286 1224 558 1308 benevolentiam,
579 1247 680 1308 quum
701 1225 783 1288 illud
804 1224 911 1308 ipsum
934 1247 1005 1310 gra·

77 1313 214 1378 vissimum
226 1318 266 1378 et
284 1313 522 1380 sanctissimum
534 1334 654 1378 nomen
665 1313 798 1396 pietatis
810 1314 912 1378 levius
926 1313 1005 1378 mibi
1109 1371 1114 1388 ,

77 1400 173 1466 neritis
190 1423 268 1488 erga
291 1401 425 1466 metuis
444 1423 513 1468 esse
536 1401 704 1466 videatur?
715 1425 771 1486 -3
793 1402 879 1486 quod
896 1406 1006 1468 *autem

77 1487 122 1550 tibi
140 1494 225 1573 grets
247 1511 322 1554 mea
344 1511 422 1574 erge
444 1493 477 1553 te
501 1490 607 1554 studia
630 1490 742 1554 soribis
765 1511 843 1573 esse,
865 1491 946 1554 faeis
968 1495 1006 1555 tu

77 1576 180 1656 quidem
201 1577 403 1644 abundantia
425 1577 565 1661 quadam
582 1578 711 1661 amoris,
733 1581 771 1642 ut
792 1579 890 1642 etiam
913 1581 1007 1663 grata

77 1663 127 1726 sint
144 1687 189 1750 ea,
216 1689 301 1751 quae
323 1666 537 1750 praetermitti
560 1667 628 1731 sine
650 1666 776 1732 nefario
798 1668 916 1731 scelere
939 1688 1007 1730 non

77 1758 199 1838 possunt,
229 1755 293 1820 tibi
324 1757 432 1818 eutem
459 1756 561 1819 multo
593 1755 702 1820 notior
729 1758 825 1838 atque
850 1755 1007 1819 illustrior

77 1860 146 1904 neus
165 1844 198 1906 in
219 1847 252 1908 te
276 1842 404 1908 animus
423 1845 516 1926 esset,
538 1843 566 1907 si
583 1843 646 1908 hoo
663 1847 808 1926 tempore
827 1844 924 1926 omni,
942 1865 1006 1926 quo

77 1925 185 1994 diiuncti
206 1932 343 2014 fuimus,
370 1933 403 1994 et
423 1953 490 1996 una
512 1935 545 1995 et
564 1931 689 1995 Romae
716 1932 901 1996 fuissemus:
930 1945 1042 1996 namn

77 2014 150 2082 ineo
169 2021 255 2103 ipso,
283 2018 369 2102 quod
396 2021 428 2082 te
456 2019 598 2084 ostendis
628 2041 697 2084 esse
723 2020 885 2083 fantinum
908 2020 1007 2102 quod·

77 2122 122 2184 que
140 2111 170 2170 et
189 2109 224 2172 in
248 2107 361 2190 primis
383 2110 476 2191 potes
499 2111 532 2171 et
554 2129 615 2192 ego
639 2111 711 2171 ate
727 2108 933 2171 vehementer
956 2129 1007 2169 ex-

77 2197 175 2279 specto,
200 2197 237 2260 in
266 2196 435 2260 sententiis
457 2196 628 2260 senatoriis
656 2199 689 2260 et
711 2195 747 2259 in
769 2195 858 2260 omni
881 2195 1008 2258 actione

76 2283 151 2362 atque
171 2283 450 2350 administratione
477 2285 524 2349 rei
551 2285 698 2368 publioae
725 2283 943 2348 floruissemus
965 2319 1007 2330 -—

76 2365 104 2430 de
122 2391 179 2454 qua
200 2372 371 2438 ostendam
394 2371 541 2456 equidem
558 2373 667 2456 paullo
690 2377 766 2456 post
783 2372 839 2456 qui
857 2372 900 2436 sit
918 2393 1008 2436 meus

77 2473 166 2522 sensus
183 2464 216 2525 et
235 2463 349 2544 status,
368 2463 400 2524 et
416 2460 591 2525 rescribam
608 2460 670 2524 tibi
687 2460 728 2524 ad
746 2483 793 2543 ea,
813 2480 895 2543 quae
914 2481 1008 2544 quae-

75 2541 108 2606 ss's
119 2581 165 2632 -‚
182 2549 239 2614 sed
258 2552 343 2613 oerte
361 2551 395 2612 et
412 2568 473 2632 ego
491 2552 524 2612 te
543 2551 674 2613 austere
693 2548 886 2613 amicissimo
905 2569 942 2612 ao
960 2571 1008 2611 sa·

75 2631 255 2710 pientissimo
283 2638 316 2701 et
341 2639 378 2700 tu
407 2657 458 2700 me
482 2636 665 2702 consiliario
691 2636 830 2700 fortasse
857 2658 925 2701 non
951 2637 1009 2700 im-

75 2721 260 2808 peritissimo,
291 2724 379 2788 fideli
405 2723 534 2808 quidem
561 2727 594 2788 et
620 2725 777 2789 benevolo
805 2728 906 2807 oerte,
932 2747 1009 2790 usus

75 2825 204 2873 esses-
228 2833 424 2896 quamquam
445 2815 504 2876 tua
529 2811 659 2896 quidem
682 2833 779 2877 eausa
804 2816 837 2876 te
860 2835 929 2878 esse
951 2814 1009 2878 im·

75 2901 235 2974 peratorem
266 2900 528 2984 provinciamque
563 2901 645 2966 bene
678 2901 790 2986 gestis
809 2902 904 2966 rebus
936 2925 1009 2966 uum

75 2986 195 3052 exercitu
216 2989 339 3054 victore
362 2989 522 3072 obtinere,
549 2991 586 3054 ut
609 2989 723 3073 debeo,
749 2992 852 3055 laetor
875 3027 931 3074 -‚
954 2991 1010 3055 sed

75 3076 151 3158 cete,
168 3078 222 3160 qui
239 3076 302 3142 tibi
319 3097 358 3142 ex
375 3098 426 3141 me
445 3077 570 3142 fruetus
589 3077 755 3161 debentur,
772 3099 828 3142 eos
846 3078 1009 3143 uberiores

74 3161 100 3220 et
120 3165 366 3245 praestantiores
387 3186 541 3250 praesens
564 3186 677 3250 sapere
698 3167 873 3250 potuissem
902 3166 938 3229 in
964 3164 1009 3228 eis

129 3385 178 3459 ΕΡ·
198 3399 222 3460 9,
236 3399 260 3447 2·
288 3391 550 3460 amissimus-de
568 3431 610 3466 ·:·
629 3349 789 3461 quaeris-,¹
805 3391 851 3444 sed
866 3387 941 3456 (Ν).
968 3389 1009 3456 (ts

73 3452 212 3586 {taidi}
230 3463 276 3518 sed
297 3462 329 3517 B.
355 3491 391 3503 -·
408 3463 624 3531 praenuntiasse
648 3463 721 3531 (edd.
744 3459 846 3530 Regii).
881 3473 1011 3527 promea

114 3573 221 3662 (linoroliis.
234 3633 267 3672 op.
280 3622 301 3665 Ι.
781 3621 797 3670 2
