2636 3986
388 241 646 298 EPISTOLARUM
664 243 738 298 XIII.
758 249 781 297 6.
792 260 816 297 a.
831 243 858 298 b.
879 249 903 297 I.
1053 241 1120 305 423

603 491 678 558 VII.

326 601 384 659 Sor.
403 603 508 658 Itomae
527 619 622 659 mense
641 603 799 660 Octobris.
818 622 845 659 u.
863 619 887 658 o.
903 607 963 659 ⁷09.

459 725 587 784 CICERO
607 724 739 782 CLUVIO
759 726 835 784 SAL,

235 825 341 902 Quum
357 827 395 892 in
412 825 550 892 Gellium
570 827 776 912 proficiscens
798 848 857 912 pro
878 829 993 892 nostre
1015 846 1122 890 noess-
1142 833 1157 883 1

166 914 308 980 situdine
324 935 448 999 proque
474 919 533 980 tuo
560 937 686 981 summo
711 916 748 980 iu
774 937 825 980 me
853 915 1060 980 observantis
1081 914 1124 979 sd

166 1024 219 1068 me
242 1003 374 1068 domum
404 1004 560 1089 venisses,
591 1005 719 1068 loeutus
747 1025 819 1068 snm
844 1007 952 1068 teoum
981 1003 1021 1068 do
1044 1023 1123 1088 egro

167 1091 318 1176 vectigali
354 1091 521 1177 municipii
552 1090 709 1176 Atellani,
742 1093 797 1176 qui
829 1095 913 1156 esset
943 1091 980 1155 in
1009 1089 1125 1174 Gallie,

168 1182 354 1264 quentoque
386 1201 482 1264 opere
513 1181 582 1246 eius
613 1180 781 1265 municipii
811 1201 909 1246 osusu
934 1179 1125 1263 laborarem,

167 1267 228 1332 tibi
251 1268 393 1352 ostendi3
420 1272 496 1353 post
512 1273 612 1334 tuum
634 1273 743 1334 autom
769 1268 1003 1353 profectionem
1025 1288 1125 1350 quum

166 1359 202 1421 et
223 1356 363 1422 monimo
384 1378 436 1422 res
458 1357 626 1442 municipii
647 1357 867 1422 honestissimi
885 1356 1027 1439 mihique
1050 1375 1124 1420 oon-

167 1444 360 1510 iunotissimi
390 1448 424 1510 et
455 1467 616 1512 summum
651 1467 759 1510 meum
793 1445 935 1510 officinm
966 1447 1125 1529 ageretur,

166 1553 227 1616 pro
249 1536 306 1598 tuo
330 1533 438 1598 auimo
460 1535 496 1598 in
513 1555 565 1599 me
583 1534 741 1619 singulam
758 1533 938 1599 existimavi
960 1553 1012 1597 me
1030 1553 1125 1616 opor-

166 1624 236 1686 tore
259 1621 297 1685 ad
315 1624 348 1686 te
366 1623 546 1688 eoourutius
565 1623 711 1706 scribere,
734 1623 795 1688 etsi
812 1643 881 1687 non
898 1643 971 1686 sum
987 1620 1125 1704 nemius,

167 1711 202 1773 et
228 1729 310 1792 quoe
332 1712 515 1793 temporum
536 1711 620 1774 ratio
650 1713 684 1774 ot
710 1731 791 1794 quse
818 1714 876 1774 tue.
901 1713 1047 1793 potestus
1074 1709 1126 1792 sit,

167 1797 291 1880 tibique
322 1799 491 1883 negotium
522 1798 634 1862 dutum
665 1819 734 1862 esse
766 1819 786 1862 a
814 1795 848 1862 Ο.
876 1795 1026 1880 anme,
1056 1817 1126 1860 non

167 1884 335 1969 iudicium,
366 1886 529 1969 prseolere
560 1885 721 1970 intelligo.
753 1907 852 1968 quone
883 1907 905 1948 a
933 1888 968 1948 te
996 1886 1126 1948 tuntum
1234 1925 1236 1930 -

168 1977 259 2057 peto,
286 1976 444 2058 quantum
471 1976 505 2038 et
530 1976 563 2038 te
585 1973 691 2037 faeere
717 1994 812 2057 posse
839 1975 873 2038 et
894 1973 1032 2038 libenter
1054 1993 1126 2037 meu

168 2082 267 2126 osnes
297 2062 460 2126 fseturum
491 2081 561 2126 esso
586 2060 735 2126 arbitror.
789 2060 835 2126 Et
862 2061 1003 2145 primum
1028 2060 1161 2125 uelims

168 2149 346 2232 existimes,
371 2148 458 2232 quod
480 2170 532 2214 ies
553 2151 617 2231 est,
648 2148 815 2233 munioipii
842 2148 991 2214 fontinus
1013 2169 1125 2212 omnes

168 2238 205 2300 in
226 2237 290 2302 isto
317 2237 468 2320 vectigali
494 2236 683 2321 consistere,
712 2237 765 2302 his
792 2240 900 2302 eutem
926 2236 1126 2320 temporibus

169 2323 232 2390 hoo
258 2324 483 2409 municipium,
511 2325 658 2390 maximis
686 2325 837 2391 oneribus
858 2345 1018 2410 pressum,
1041 2345 1125 2388 snm·

168 2412 230 2476 mis
260 2412 410 2478 affectum
441 2435 511 2480 esse
543 2413 795 2479 difficultatibus
843 2412 917 2479 Hoe
948 2413 1009 2478 etsi
1040 2433 1125 2477 eom·

168 2522 266 2566 mune
288 2501 414 2566 videtur
439 2524 510 2568 esse
537 2523 611 2568 oum
637 2503 761 2585 multis,
786 2506 897 2568 tomen
925 2501 1006 2566 mihi
1033 2501 1125 2566 enode

169 2589 350 2674 singulum
363 2590 440 2656 hoio
453 2590 628 2675 municipio
646 2591 846 2656 oolsmitutes
864 2591 1026 2674 nooidisse,
1044 2611 1125 2674 ques

169 2677 288 2744 ideireo
319 2699 388 2744 non
415 2699 641 2763 commemoro,
669 2701 711 2744 ne
744 2679 782 2744 de
812 2679 948 2744 miseriis
979 2699 1146 2750 meorum

169 2766 424 2832 neeessariorum
451 2788 651 2851 conquerens
678 2766 826 2832 homines
831 2789 944 2851 ‚quos
965 2767 1057 2849 nolo,
1079 2765 1125 2829 vi·

169 2853 247 2920 deor
264 2854 434 2922 offendere„
469 2853 592 2938 Itaque,
609 2855 673 2920 nisi
691 2875 844 2958 megnpm
863 2877 954 2940 spem
972 2854 1125 2920 haberem
1144 2867 1160 2916 s

170 2938 205 3006 O.
228 2939 359 3008 Geessii
384 2965 445 3009 nos
474 2965 604 3008 oausam
630 2943 798 3028 municipii
824 2943 1030 3028 probaturos,
1056 2963 1126 3007 non

170 3034 241 3094 erut
262 3051 368 3115 ceusu,
390 3053 447 3095 our
469 3053 489 3096 a
510 3035 543 3095 te
565 3032 628 3096 hoo
649 3035 794 3115 tempore
812 3032 933 3116 aliquid
953 3029 1125 3096 contende·

168 3139 251 3201 rem3
278 3119 347 3202 sed,
374 3120 450 3202 quie
476 3119 603 3185 confido
630 3120 772 3204 mihique
803 3120 948 3205 persuasi
974 3119 1066 3184 illum
1093 3120 1127 3181 et

169 3205 339 3290 dignitatis
365 3207 533 3292 municipii
564 3210 598 3272 et
623 3207 795 3292 aequitatis
822 3212 855 3273 et
886 3208 984 3272 etism
1012 3207 1125 3271 volun-

168 3295 247 3358 tatis
278 3315 356 3379 erge
388 3317 421 3359 se
452 3295 639 3360 habiturum
662 3317 731 3360 esse
757 3296 930 3379 rationem,
956 3294 1027 3358 ideo
1051 3316 1070 3358 a
1091 3297 1125 3358 te

240 3501 376 3571 Ep‘1‚2
412 3504 603 3572 municipium,
620 3503 815 3570 mmmiffll'
837 3519 913 3556 ..m
931 3519 966 3556 m.
981 3503 1075 3573 vulgo.
1089 3531 1126 3543 -

169 3587 307 3628 sommum
324 3573 433 3627 vidum
452 3574 507 3640 (n,
526 3574 632 3644 vulgo).
668 3590 691 3628 o
709 3575 776 3628 sio.
796 3579 836 3641 ιι,
854 3573 886 3626 Β.
