2636 3986
295 203 554 260 EPISTOLARUM
572 204 646 260 x111.
666 210 699 260 cc
713 221 738 260 a.
753 205 780 261 b.
800 213 842 261 aa
979 206 1050 270 445
1133 233 1136 238 ·

476 454 661 541 xrvrnu.
715 433 722 447 '

389 565 447 622 Ser.
461 567 567 624 Romae
581 583 606 622 a.
616 587 643 622 u.
653 585 676 622 c.
689 573 748 622 708.

360 689 508 746 CICERO
526 689 680 746 SERVIO
698 691 782 747 SAL.

159 787 229 854 Nec
251 787 523 856 Lacedaemonios
546 790 693 855 dubitare
716 792 863 876 arbitror,
886 791 964 876 quin
986 790 1049 876 ipsi
1069 803 1082 851 1

88 899 154 943 sna
175 878 398 963 maiorumque
421 899 553 944 auorum
575 880 766 946 auctoritate
790 881 868 945 satis
889 899 1048 946 commen·

90 966 161 1031 dati
194 967 261 1032 sint
291 967 366 1032 fidei
398 971 431 1033 et
460 967 603 1033 iustitiae
634 971 723 1054 tuce,
760 971 792 1032 et
824 987 898 1053 ego,
930 968 985 1052 qui
1016 973 1049 1032 te

91 1055 215 1139 optimc
238 1056 409 1140 novissem,
431 1077 499 1120 non
522 1055 675 1141 dubitavi,
698 1056 777 1141 quin
798 1056 859 1120 tibi
880 1055 1051 1122 notissima

91 1148 127 1208 et
148 1143 221 1208 iura
247 1148 281 1208 et
302 1145 418 1208 merita
439 1145 632 1228 populorum
660 1150 780 1210 essent:
807 1146 929 1229 itaque,
951 1166 1051 1229 quum

91 1253 113 1296 a
137 1253 188 1296 me
210 1235 335 1316 peteret
352 1231 521 1319 Philippue
539 1231 821 1318 Lacedaemoniun,
843 1237 881 1298 ut
897 1233 958 1297 tibi
977 1232 1049 1296 civi·

92 1323 196 1385 tatem
219 1321 485 1406 commendarem,
506 1321 567 1386 etsi
585 1323 793 1387 memineram
810 1343 862 1386 mc
881 1323 910 1386 ei
928 1321 1051 1386 civitati

14 1471 17 1478 .
94 1409 206 1474 omnia
227 1408 356 1493 debere,
382 1414 492 1475 tamen
514 1411 667 1494 respondi
690 1409 968 1476 commendatione
990 1408 1050 1472 La·

94 1496 319 1564 cedaemcnics
343 1498 429 1584 apud
454 1501 488 1563 te
508 1519 577 1564 non
604 1518 706 1585 egere.
750 1498 864 1583 Itaque
887 1500 933 1564 sic
955 1499 1085 1562 celime

95 1585 267 1670 existimes,
289 1609 341 1652 me
364 1608 475 1652 omnes
494 1586 638 1655 Achaiae
657 1589 802 1653 civitates
825 1587 975 1652 arbitrari
991 1608 1050 1672 pro

94 1673 213 1740 horum
235 1678 419 1761 temporum
440 1676 683 1760 perturbatione
705 1677 824 1760 felices,
847 1676 933 1761 quod
952 1676 992 1740 iis
1015 1679 1051 1739 tu

96 1763 228 1847 praecis,
250 1763 450 1847 eundemque
472 1785 524 1828 me
547 1764 597 1846 ita.
610 1765 777 1848 iudicasse,
797 1768 841 1847 te,
863 1765 949 1848 quod
967 1784 1051 1828 unus

97 1852 219 1935 optimc
241 1873 354 1918 nosses
377 1872 445 1917 non
467 1855 580 1916 nostra
607 1853 725 1936 solum,
752 1849 808 1916 sed
835 1853 933 1916 etiam
956 1850 1051 1914 Grae·

96 1938 165 2005 ciac
187 1943 398 2006 monumenta
420 1939 542 2023 omnia,
569 1943 626 2004 tua
648 1943 763 2024 sponte
791 1940 929 2004 amicum
955 1936 1060 2003 Laoc·

97 2028 275 2095 daemoniis
298 2032 332 2093 et
354 2049 423 2092 csso
446 2030 479 2092 et
495 2026 574 2092 fore.
611 2027 715 2104 Quare
732 2029 862 2093 tantum
880 2049 900 2092 a
916 2030 950 2091 te
968 2030 1053 2111 peto,

97 2119 147 2200 ut,
170 2138 269 2200 quum
292 2138 331 2182 oa
356 2116 456 2180 facies
478 2114 806 2198 Lacedaemoniorum
834 2136 944 2199 causa,
971 2136 1053 2200 quae

96 2209 156 2270 tuc
176 2203 266 2288 fides,
289 2203 476 2287 amplitudo,
497 2203 622 2269 iustitie
639 2205 791 2288 postulat,
813 2207 851 2268 ut
872 2203 922 2288 iis,
944 2203 971 2267 si
993 2203 1053 2267 tibi

97 2291 267 2376 videbitur,
290 2291 451 2377 significes
473 2297 506 2356 te
529 2313 597 2358 non
619 2293 754 2358 moleste
776 2292 874 2377 ferre,
896 2292 983 2378 quod
1005 2291 1053 2356 in·

97 2380 227 2464 telligcs
254 2401 306 2464 ea,
333 2401 415 2466 quae
442 2380 557 2465 faciae,
588 2381 668 2445 mihi
696 2402 822 2465 quoquc
850 2385 944 2466 grata
971 2401 1053 2462 csse;

97 2469 238 2554 pertinet
260 2469 347 2534 enim
370 2469 411 2533 ad
434 2469 576 2535 officium
598 2491 706 2534 meum
724 2491 779 2535 eos
797 2470 978 2536 existimare
1001 2490 1053 2534 cu·

98 2578 152 2622 rae
179 2557 259 2622 mihi
286 2579 434 2622 enarres
462 2579 545 2624 esse:
573 2557 636 2624 hoc
662 2561 695 2623 te
722 2559 928 2625 vehementer
955 2557 1075 2624 etiam·

99 2649 195 2729 atque
217 2646 315 2711 otiam
337 2667 427 2732 rogo.

513 2838 633 2906 XXIX.

218 2953 223 2962 “
290 2951 349 3010 Sor.
367 2953 472 3008 Romae
490 2951 605 3007 ineunte
625 2969 697 3008 anno
715 2969 742 3007 u.
761 2967 784 3008 c.
804 2957 863 3008 708.

354 3075 484 3132 CICERO
502 3076 533 3132 L.
552 3075 698 3132 PLANCO
717 3075 792 3132 SAL.

164 3173 242 3241 Non
269 3175 395 3260 dubito,
423 3177 501 3260 quin
528 3176 610 3242 scias
636 3177 671 3241 iu
703 3177 742 3241 iis
770 3177 972 3260 necessariis,
999 3175 1086 3262 quil

99 3262 159 3328 tibi
177 3285 196 3328 a
214 3266 306 3348 patre
323 3265 427 3329 relicti
446 3269 531 3349 sunt,
553 3287 603 3330 me
622 3265 682 3330 tibi
701 3286 770 3330 esse
791 3267 842 3330 vel
860 3265 1053 3331 coniunctis·

170 3471 221 3542 Ep.
241 3474 318 3530 aab.
337 3479 361 3527 2.
398 3474 534 3530 iudicasse
556 3474 631 3543 (W.).
676 3475 801 3530 iudicare
822 3474 873 3542 M„
896 3474 989 3544 vulgo.
1019 3501 1052 3514 -

95 3544 255 3613 postulabit,
273 3545 309 3600 iic
329 3545 394 3614 (W.)
