<?xml version="1.0" encoding="UTF-8"?>
<!DOCTYPE html PUBLIC "-//W3C//DTD XHTML 1.0 Transitional//EN"
    "http://www.w3.org/TR/xhtml1/DTD/xhtml1-transitional.dtd">
<html xmlns="http://www.w3.org/1999/xhtml" xml:lang="en" lang="en">
 <head>
  <title>
</title>
<meta http-equiv="Content-Type" content="text/html;charset=utf-8" />
  <meta name='ocr-system' content='tesseract 3.04.00' />
  <meta name='ocr-capabilities' content='ocr_page ocr_carea ocr_par ocr_line ocrx_word'/>
</head>
<body>
  <div class='ocr_page' id='page_1' title='image "./epistolae00wesegoog_0148.png"; bbox 0 0 2568 3980; ppageno 0'>
   <div class='ocr_carea' id='block_1_1' title="bbox 244 221 916 288">
    <p class='ocr_par' dir='ltr' id='par_1_1' title="bbox 244 221 916 288">
     <span class='ocr_line' id='line_1_1' title="bbox 244 221 916 288; baseline -0.015 0"><span class='ocrx_word' id='word_1_1' title='bbox 244 221 306 288; x_wconf 76' lang='lat'>136</span> <span class='ocrx_word' id='word_1_2' title='bbox 523 225 561 279; x_wconf 84' lang='lat' dir='ltr'>M.</span> <span class='ocrx_word' id='word_1_3' title='bbox 581 221 706 279; x_wconf 79' lang='lat' dir='ltr'>TULLII</span> <span class='ocrx_word' id='word_1_4' title='bbox 726 221 916 279; x_wconf 76' lang='lat' dir='ltr'>CICERONIS</span> 
     </span>
    </p>
   </div>
   <div class='ocr_carea' id='block_1_2' title="bbox 204 369 1278 2835">
    <p class='ocr_par' dir='ltr' id='par_1_2' title="bbox 204 369 1278 2835">
     <span class='ocr_line' id='line_1_2' title="bbox 240 369 1278 454; baseline 0 -22"><span class='ocrx_word' id='word_1_5' title='bbox 240 371 371 452; x_wconf 74' lang='lat' dir='ltr'>qusnus</span> <span class='ocrx_word' id='word_1_6' title='bbox 398 369 550 433; x_wconf 87' lang='lat' dir='ltr'>oneribus</span> <span class='ocrx_word' id='word_1_7' title='bbox 576 389 756 452; x_wconf 82' lang='lat' dir='ltr'>premerere</span> <span class='ocrx_word' id='word_1_8' title='bbox 784 371 1003 452; x_wconf 85' lang='lat' dir='ltr'>susceptarum</span> <span class='ocrx_word' id='word_1_9' title='bbox 1030 387 1138 432; x_wconf 88' lang='lat' dir='ltr'>rerum</span> <span class='ocrx_word' id='word_1_10' title='bbox 1165 371 1203 432; x_wconf 90' lang='lat' dir='ltr'>et</span> <span class='ocrx_word' id='word_1_11' title='bbox 1277 403 1278 454; x_wconf 48' lang='lat' dir='ltr'>v</span> 
     </span>
     <span class='ocr_line' id='line_1_3' title="bbox 240 455 1278 541; baseline 0 -21"><span class='ocrx_word' id='word_1_12' title='bbox 240 457 305 521; x_wconf 92' lang='lat' dir='ltr'>iam</span> <span class='ocrx_word' id='word_1_13' title='bbox 327 456 565 541; x_wconf 65' lang='lat' dir='ltr'>institutarum</span> <span class='ocrx_word' id='word_1_14' title='bbox 587 457 652 540; x_wconf 89' lang='lat' dir='ltr'>sed,</span> <span class='ocrx_word' id='word_1_15' title='bbox 674 455 750 540; x_wconf 87' lang='lat' dir='ltr'>quia</span> <span class='ocrx_word' id='word_1_16' title='bbox 771 455 919 520; x_wconf 76' lang='lat' dir='ltr'>videbam</span> <span class='ocrx_word' id='word_1_17' title='bbox 936 455 1050 520; x_wconf 86' lang='lat' dir='ltr'>Italici·</span> <span class='ocrx_word' id='word_1_18' title='bbox 1064 455 1143 520; x_wconf 87' lang='lat' dir='ltr'>belli</span> <span class='ocrx_word' id='word_1_19' title='bbox 1166 460 1203 520; x_wconf 89' lang='lat' dir='ltr'>et</span> <span class='ocrx_word' id='word_1_20' title='bbox 1277 491 1278 520; x_wconf 72' lang='lat'>3</span> 
     </span>
     <span class='ocr_line' id='line_1_4' title="bbox 241 543 1278 628; baseline -0.001 -19"><span class='ocrx_word' id='word_1_21' title='bbox 241 543 342 610; x_wconf 83' lang='lat' dir='ltr'>civilis</span> <span class='ocrx_word' id='word_1_22' title='bbox 369 544 539 610; x_wconf 83' lang='lat' dir='ltr'>historiam</span> <span class='ocrx_word' id='word_1_23' title='bbox 569 545 636 609; x_wconf 87' lang='lat' dir='ltr'>iam</span> <span class='ocrx_word' id='word_1_24' title='bbox 667 567 687 608; x_wconf 87' lang='lat' dir='ltr'>a</span> <span class='ocrx_word' id='word_1_25' title='bbox 713 547 747 608; x_wconf 88' lang='lat' dir='ltr'>te</span> <span class='ocrx_word' id='word_1_26' title='bbox 777 565 879 628; x_wconf 86' lang='lat' dir='ltr'>paene</span> <span class='ocrx_word' id='word_1_27' title='bbox 911 563 981 608; x_wconf 88' lang='lat' dir='ltr'>esse</span> <span class='ocrx_word' id='word_1_28' title='bbox 1012 543 1203 628; x_wconf 81' lang='lat' dir='ltr'>perfectam,</span> <span class='ocrx_word' id='word_1_29' title='bbox 1277 559 1278 566; x_wconf 73' lang='grc'>’</span> 
     </span>
     <span class='ocr_line' id='line_1_5' title="bbox 241 630 1278 717; baseline -0.002 -19"><span class='ocrx_word' id='word_1_30' title='bbox 241 633 366 698; x_wconf 83' lang='lat' dir='ltr'>dixeras</span> <span class='ocrx_word' id='word_1_31' title='bbox 393 636 502 698; x_wconf 84' lang='lat' dir='ltr'>autem</span> <span class='ocrx_word' id='word_1_32' title='bbox 532 633 612 698; x_wconf 90' lang='lat' dir='ltr'>mihi</span> <span class='ocrx_word' id='word_1_33' title='bbox 643 635 676 696; x_wconf 86' lang='lat' dir='ltr'>te</span> <span class='ocrx_word' id='word_1_34' title='bbox 702 633 841 717; x_wconf 86' lang='lat' dir='ltr'>reliquas</span> <span class='ocrx_word' id='word_1_35' title='bbox 869 653 920 696; x_wconf 91' lang='lat' dir='ltr'>res</span> <span class='ocrx_word' id='word_1_36' title='bbox 943 631 1056 716; x_wconf 86' lang='lat' dir='ltr'>ordiri,</span> <span class='ocrx_word' id='word_1_37' title='bbox 1086 630 1204 696; x_wconf 82' lang='lat' dir='ltr'>deesse</span> <span class='ocrx_word' id='word_1_38' title='bbox 1277 633 1278 686; x_wconf 67' lang='grc' dir='ltr'>ἒ</span> 
     </span>
     <span class='ocr_line' id='line_1_6' title="bbox 240 720 1205 806; baseline -0.002 -18"><span class='ocrx_word' id='word_1_39' title='bbox 240 721 321 788; x_wconf 90' lang='lat' dir='ltr'>mihi</span> <span class='ocrx_word' id='word_1_40' title='bbox 341 720 446 805; x_wconf 88' lang='lat' dir='ltr'>nolui,</span> <span class='ocrx_word' id='word_1_41' title='bbox 471 721 551 804; x_wconf 91' lang='lat' dir='ltr'>quin</span> <span class='ocrx_word' id='word_1_42' title='bbox 571 723 605 786; x_wconf 87' lang='lat' dir='ltr'>te</span> <span class='ocrx_word' id='word_1_43' title='bbox 628 720 847 806; x_wconf 80' lang='lat' dir='ltr'>admonerem,</span> <span class='ocrx_word' id='word_1_44' title='bbox 869 723 907 785; x_wconf 92' lang='lat' dir='ltr'>ut</span> <span class='ocrx_word' id='word_1_45' title='bbox 929 721 1099 806; x_wconf 72' lang='lat' dir='ltr'>cogitares,</span> <span class='ocrx_word' id='word_1_46' title='bbox 1122 741 1205 786; x_wconf 85' lang='lat' dir='ltr'>con·</span> 
     </span>
     <span class='ocr_line' id='line_1_7' title="bbox 239 808 1278 892; baseline -0.002 -17"><span class='ocrx_word' id='word_1_47' title='bbox 239 811 390 875; x_wconf 89' lang='lat' dir='ltr'>iunctene</span> <span class='ocrx_word' id='word_1_48' title='bbox 409 809 521 873; x_wconf 87' lang='lat' dir='ltr'>malles</span> <span class='ocrx_word' id='word_1_49' title='bbox 540 831 614 874; x_wconf 86' lang='lat' dir='ltr'>oum</span> <span class='ocrx_word' id='word_1_50' title='bbox 632 808 764 892; x_wconf 89' lang='lat' dir='ltr'>reliquis</span> <span class='ocrx_word' id='word_1_51' title='bbox 781 809 877 873; x_wconf 89' lang='lat' dir='ltr'>rebus</span> <span class='ocrx_word' id='word_1_52' title='bbox 895 811 1010 874; x_wconf 83' lang='lat' dir='ltr'>nostra</span> <span class='ocrx_word' id='word_1_53' title='bbox 1026 811 1201 874; x_wconf 75' lang='lat' dir='ltr'>contexere</span> <span class='ocrx_word' id='word_1_54' title='bbox 1277 815 1278 884; x_wconf 66' lang='lat' dir='ltr'>l</span> 
     </span>
     <span class='ocr_line' id='line_1_8' title="bbox 241 888 1278 980; baseline 0.005 -18"><span class='ocrx_word' id='word_1_55' title='bbox 241 919 292 980; x_wconf 85' lang='lat' dir='ltr'>an,</span> <span class='ocrx_word' id='word_1_56' title='bbox 314 901 352 961; x_wconf 88' lang='lat' dir='ltr'>ut</span> <span class='ocrx_word' id='word_1_57' title='bbox 374 898 469 962; x_wconf 89' lang='lat' dir='ltr'>multi</span> <span class='ocrx_word' id='word_1_58' title='bbox 490 895 604 962; x_wconf 82' lang='lat' dir='ltr'>Graeci</span> <span class='ocrx_word' id='word_1_59' title='bbox 626 897 782 980; x_wconf 83' lang='lat' dir='ltr'>fecerunt,</span> <span class='ocrx_word' id='word_1_60' title='bbox 804 895 1017 962; x_wconf 80' lang='lat' dir='ltr'>Callisthenes</span> <span class='ocrx_word' id='word_1_61' title='bbox 1039 896 1204 962; x_wconf 89' lang='lat' dir='ltr'>Phocium</span> <span class='ocrx_word' id='word_1_62' title='bbox 1277 888 1278 968; x_wconf 53' lang='lat' dir='ltr'>i</span> 
     </span>
     <span class='ocr_line' id='line_1_9' title="bbox 239 983 1278 1072; baseline -0.001 -23"><span class='ocrx_word' id='word_1_63' title='bbox 239 986 370 1072; x_wconf 89' lang='lat' dir='ltr'>bellurn,</span> <span class='ocrx_word' id='word_1_64' title='bbox 392 985 543 1052; x_wconf 77' lang='lat' dir='ltr'>Timaeus</span> <span class='ocrx_word' id='word_1_65' title='bbox 560 985 686 1072; x_wconf 76' lang='lat' dir='ltr'>Pyrrhi,</span> <span class='ocrx_word' id='word_1_66' title='bbox 703 983 1123 1069; x_wconf 80' lang='lat' dir='ltr'>PolybiusNumantinum,</span> <span class='ocrx_word' id='word_1_67' title='bbox 1142 987 1201 1069; x_wconf 91' lang='lat' dir='ltr'>qui</span> <span class='ocrx_word' id='word_1_68' title='bbox 1277 983 1278 1066; x_wconf 56' lang='lat' dir='ltr'>l</span> 
     </span>
     <span class='ocr_line' id='line_1_10' title="bbox 241 1073 1204 1177; baseline -0.003 -36"><span class='ocrx_word' id='word_1_69' title='bbox 241 1094 352 1141; x_wconf 89' lang='lat' dir='ltr'>omncs</span> <span class='ocrx_word' id='word_1_70' title='bbox 375 1097 396 1139; x_wconf 88' lang='lat' dir='ltr'>a</span> <span class='ocrx_word' id='word_1_71' title='bbox 413 1075 576 1161; x_wconf 82' lang='lat' dir='ltr'>perpetuis</span> <span class='ocrx_word' id='word_1_72' title='bbox 596 1075 662 1138; x_wconf 86' lang='lat' dir='ltr'>suis</span> <span class='ocrx_word' id='word_1_73' title='bbox 679 1073 824 1177; x_wconf 74' lang='lat' dir='ltr'>historiis</span> <span class='ocrx_word' id='word_1_74' title='bbox 843 1093 890 1176; x_wconf 75' lang='lat' dir='ltr'>ea,</span> <span class='ocrx_word' id='word_1_75' title='bbox 912 1074 1096 1176; x_wconf 28' lang='lat' dir='ltr'>quaetdixi,</span> <span class='ocrx_word' id='word_1_76' title='bbox 1111 1073 1204 1138; x_wconf 84' lang='lat' dir='ltr'>bella</span> 
     </span>
     <span class='ocr_line' id='line_1_11' title="bbox 240 1163 1278 1336; baseline -0.019 -21"><span class='ocrx_word' id='word_1_77' title='bbox 240 1167 480 1317; x_wconf 57' lang='lat' dir='ltr'>liplllsiill</span> <span class='ocrx_word' id='word_1_78' title='bbox 500 1163 1201 1336; x_wconf 51' lang='lat' dir='ltr'>taltlttltlllttlgtllttt</span> <span class='ocrx_word' id='word_1_79' title='bbox 1277 1201 1278 1295; x_wconf 71' lang='lat' dir='ltr'>l</span> 
     </span>
     <span class='ocr_line' id='line_1_12' title="bbox 240 1338 1202 1404; baseline -0.001 -1"><span class='ocrx_word' id='word_1_80' title='bbox 240 1338 313 1403; x_wconf 90' lang='lat' dir='ltr'>dem</span> <span class='ocrx_word' id='word_1_81' title='bbox 336 1339 377 1404; x_wconf 92' lang='lat' dir='ltr'>ad</span> <span class='ocrx_word' id='word_1_82' title='bbox 392 1342 544 1404; x_wconf 84' lang='lat' dir='ltr'>nostram</span> <span class='ocrx_word' id='word_1_83' title='bbox 570 1339 700 1404; x_wconf 89' lang='lat' dir='ltr'>laudem</span> <span class='ocrx_word' id='word_1_84' title='bbox 726 1359 794 1403; x_wconf 90' lang='lat' dir='ltr'>non</span> <span class='ocrx_word' id='word_1_85' title='bbox 816 1340 953 1403; x_wconf 87' lang='lat' dir='ltr'>multum</span> <span class='ocrx_word' id='word_1_86' title='bbox 981 1339 1073 1404; x_wconf 90' lang='lat' dir='ltr'>video</span> <span class='ocrx_word' id='word_1_87' title='bbox 1095 1339 1202 1403; x_wconf 65' lang='lat' dir='ltr'>inoer—</span> 
     </span>
     <span class='ocr_line' id='line_1_13' title="bbox 240 1413 1278 1513; baseline -0.001 -22"><span class='ocrx_word' id='word_1_88' title='bbox 240 1448 321 1510; x_wconf 76' lang='lat' dir='ltr'>esse,</span> <span class='ocrx_word' id='word_1_89' title='bbox 344 1427 399 1492; x_wconf 92' lang='lat' dir='ltr'>sed</span> <span class='ocrx_word' id='word_1_90' title='bbox 421 1427 463 1491; x_wconf 90' lang='lat' dir='ltr'>ad</span> <span class='ocrx_word' id='word_1_91' title='bbox 485 1427 745 1513; x_wconf 80' lang='lat' dir='ltr'>properationem</span> <span class='ocrx_word' id='word_1_92' title='bbox 767 1447 872 1491; x_wconf 89' lang='lat' dir='ltr'>meam</span> <span class='ocrx_word' id='word_1_93' title='bbox 890 1427 1042 1510; x_wconf 86' lang='lat' dir='ltr'>quiddam</span> <span class='ocrx_word' id='word_1_94' title='bbox 1059 1427 1202 1491; x_wconf 86' lang='lat' dir='ltr'>interest</span> <span class='ocrx_word' id='word_1_95' title='bbox 1277 1413 1278 1454; x_wconf 59' lang='lat'>³</span> 
     </span>
     <span class='ocr_line' id='line_1_14' title="bbox 238 1515 1203 1599; baseline 0 -20"><span class='ocrx_word' id='word_1_96' title='bbox 238 1536 307 1580; x_wconf 88' lang='lat' dir='ltr'>non</span> <span class='ocrx_word' id='word_1_97' title='bbox 328 1518 362 1580; x_wconf 90' lang='lat' dir='ltr'>te</span> <span class='ocrx_word' id='word_1_98' title='bbox 385 1517 577 1599; x_wconf 82' lang='lat' dir='ltr'>exspectare,</span> <span class='ocrx_word' id='word_1_99' title='bbox 600 1516 676 1580; x_wconf 89' lang='lat' dir='ltr'>dum</span> <span class='ocrx_word' id='word_1_100' title='bbox 698 1515 740 1578; x_wconf 89' lang='lat' dir='ltr'>ad</span> <span class='ocrx_word' id='word_1_101' title='bbox 761 1515 868 1580; x_wconf 89' lang='lat' dir='ltr'>locum</span> <span class='ocrx_word' id='word_1_102' title='bbox 885 1515 1006 1599; x_wconf 87' lang='lat' dir='ltr'>venias,</span> <span class='ocrx_word' id='word_1_103' title='bbox 1028 1537 1065 1580; x_wconf 84' lang='lat' dir='ltr'>ac</span> <span class='ocrx_word' id='word_1_104' title='bbox 1083 1516 1203 1579; x_wconf 84' lang='lat' dir='ltr'>statim</span> 
     </span>
     <span class='ocr_line' id='line_1_15' title="bbox 240 1603 1204 1688; baseline 0 -21"><span class='ocrx_word' id='word_1_105' title='bbox 240 1624 370 1669; x_wconf 86' lang='lat' dir='ltr'>causam</span> <span class='ocrx_word' id='word_1_106' title='bbox 396 1603 487 1670; x_wconf 88' lang='lat' dir='ltr'>illam</span> <span class='ocrx_word' id='word_1_107' title='bbox 512 1606 616 1670; x_wconf 83' lang='lat' dir='ltr'>totam</span> <span class='ocrx_word' id='word_1_108' title='bbox 645 1606 679 1667; x_wconf 92' lang='lat' dir='ltr'>et</span> <span class='ocrx_word' id='word_1_109' title='bbox 699 1606 827 1687; x_wconf 89' lang='lat' dir='ltr'>tempus</span> <span class='ocrx_word' id='word_1_110' title='bbox 850 1603 1004 1688; x_wconf 83' lang='lat' dir='ltr'>arripere,</span> <span class='ocrx_word' id='word_1_111' title='bbox 1030 1607 1064 1668; x_wconf 90' lang='lat' dir='ltr'>et</span> <span class='ocrx_word' id='word_1_112' title='bbox 1090 1603 1204 1688; x_wconf 79' lang='lat' dir='ltr'>simul,</span> 
     </span>
     <span class='ocr_line' id='line_1_16' title="bbox 240 1691 1278 1792; baseline -0.001 -36"><span class='ocrx_word' id='word_1_113' title='bbox 240 1691 268 1756; x_wconf 89' lang='lat' dir='ltr'>si</span> <span class='ocrx_word' id='word_1_114' title='bbox 289 1713 355 1756; x_wconf 87' lang='lat' dir='ltr'>uno</span> <span class='ocrx_word' id='word_1_115' title='bbox 377 1691 414 1756; x_wconf 90' lang='lat' dir='ltr'>in</span> <span class='ocrx_word' id='word_1_116' title='bbox 436 1695 627 1777; x_wconf 87' lang='lat' dir='ltr'>argumento</span> <span class='ocrx_word' id='word_1_117' title='bbox 650 1712 778 1776; x_wconf 89' lang='lat' dir='ltr'>unaque</span> <span class='ocrx_word' id='word_1_118' title='bbox 805 1692 840 1755; x_wconf 89' lang='lat' dir='ltr'>in</span> <span class='ocrx_word' id='word_1_119' title='bbox 862 1713 1001 1776; x_wconf 83' lang='lat' dir='ltr'>persona</span> <span class='ocrx_word' id='word_1_120' title='bbox 1023 1712 1114 1756; x_wconf 90' lang='lat' dir='ltr'>mens</span> <span class='ocrx_word' id='word_1_121' title='bbox 1137 1695 1203 1755; x_wconf 86' lang='lat' dir='ltr'>tua</span> <span class='ocrx_word' id='word_1_122' title='bbox 1277 1727 1278 1792; x_wconf 68' lang='lat'>,</span> 
     </span>
     <span class='ocr_line' id='line_1_17' title="bbox 238 1780 1278 1864; baseline 0 -20"><span class='ocrx_word' id='word_1_123' title='bbox 238 1782 310 1844; x_wconf 87' lang='lat' dir='ltr'>tota</span> <span class='ocrx_word' id='word_1_124' title='bbox 335 1780 530 1864; x_wconf 80' lang='lat' dir='ltr'>versabitur,</span> <span class='ocrx_word' id='word_1_125' title='bbox 562 1801 657 1844; x_wconf 88' lang='lat' dir='ltr'>cerno</span> <span class='ocrx_word' id='word_1_126' title='bbox 689 1780 755 1844; x_wconf 89' lang='lat' dir='ltr'>iam</span> <span class='ocrx_word' id='word_1_127' title='bbox 786 1780 909 1864; x_wconf 90' lang='lat' dir='ltr'>animo,</span> <span class='ocrx_word' id='word_1_128' title='bbox 935 1783 1057 1864; x_wconf 89' lang='lat' dir='ltr'>quanto</span> <span class='ocrx_word' id='word_1_129' title='bbox 1085 1780 1200 1844; x_wconf 88' lang='lat' dir='ltr'>omnia</span> <span class='ocrx_word' id='word_1_130' title='bbox 1277 1793 1278 1854; x_wconf 73' lang='lat' dir='ltr'>l</span> 
     </span>
     <span class='ocr_line' id='line_1_18' title="bbox 206 1855 1278 1952; baseline 0 -20"><span class='ocrx_word' id='word_1_131' title='bbox 206 1895 212 1908; x_wconf 96' lang='lat'><strong>·</strong></span> <span class='ocrx_word' id='word_1_132' title='bbox 239 1867 389 1934; x_wconf 90' lang='lat' dir='ltr'>uberiora</span> <span class='ocrx_word' id='word_1_133' title='bbox 412 1872 508 1952; x_wconf 86' lang='lat' dir='ltr'>atque</span> <span class='ocrx_word' id='word_1_134' title='bbox 526 1869 692 1933; x_wconf 82' lang='lat' dir='ltr'>ornatiora</span> <span class='ocrx_word' id='word_1_135' title='bbox 709 1867 820 1938; x_wconf 84' lang='lat' dir='ltr'>futura</span> <span class='ocrx_word' id='word_1_136' title='bbox 842 1868 916 1934; x_wconf 84' lang='lat' dir='ltr'>sint.</span> <span class='ocrx_word' id='word_1_137' title='bbox 951 1867 1065 1952; x_wconf 88' lang='lat' dir='ltr'>Neque</span> <span class='ocrx_word' id='word_1_138' title='bbox 1082 1871 1199 1951; x_wconf 84' lang='lat' dir='ltr'>tamen</span> <span class='ocrx_word' id='word_1_139' title='bbox 1277 1855 1278 1926; x_wconf 84' lang='lat' dir='ltr'>l</span> 
     </span>
     <span class='ocr_line' id='line_1_19' title="bbox 239 1949 1278 2044; baseline -0.002 -22"><span class='ocrx_word' id='word_1_140' title='bbox 239 1957 369 2044; x_wconf 82' lang='lat' dir='ltr'>ignoro,</span> <span class='ocrx_word' id='word_1_141' title='bbox 392 1977 488 2042; x_wconf 87' lang='lat' dir='ltr'>quam</span> <span class='ocrx_word' id='word_1_142' title='bbox 510 1956 714 2042; x_wconf 88' lang='lat' dir='ltr'>impudenter</span> <span class='ocrx_word' id='word_1_143' title='bbox 735 1956 866 2040; x_wconf 87' lang='lat' dir='ltr'>faciam,</span> <span class='ocrx_word' id='word_1_144' title='bbox 893 1956 950 2041; x_wconf 87' lang='lat' dir='ltr'>qui</span> <span class='ocrx_word' id='word_1_145' title='bbox 971 1957 1111 2041; x_wconf 91' lang='lat' dir='ltr'>primum</span> <span class='ocrx_word' id='word_1_146' title='bbox 1133 1956 1203 2020; x_wconf 88' lang='lat' dir='ltr'>tibi</span> <span class='ocrx_word' id='word_1_147' title='bbox 1277 1949 1278 2012; x_wconf 84' lang='lat' dir='ltr'>l</span> 
     </span>
     <span class='ocr_line' id='line_1_20' title="bbox 239 2043 1200 2130; baseline -0.002 -20"><span class='ocrx_word' id='word_1_148' title='bbox 239 2048 368 2110; x_wconf 83' lang='lat' dir='ltr'>tantum</span> <span class='ocrx_word' id='word_1_149' title='bbox 391 2045 497 2111; x_wconf 88' lang='lat' dir='ltr'>oneris</span> <span class='ocrx_word' id='word_1_150' title='bbox 520 2045 685 2130; x_wconf 84' lang='lat' dir='ltr'>imponam</span> <span class='ocrx_word' id='word_1_151' title='bbox 699 2079 741 2090; x_wconf 94' lang='lat'>—</span> <span class='ocrx_word' id='word_1_152' title='bbox 755 2047 864 2128; x_wconf 85' lang='lat' dir='ltr'>potest</span> <span class='ocrx_word' id='word_1_153' title='bbox 887 2045 973 2109; x_wconf 92' lang='lat' dir='ltr'>enim</span> <span class='ocrx_word' id='word_1_154' title='bbox 994 2045 1076 2110; x_wconf 90' lang='lat' dir='ltr'>mihi</span> <span class='ocrx_word' id='word_1_155' title='bbox 1098 2043 1200 2108; x_wconf 87' lang='lat' dir='ltr'>dene-</span> 
     </span>
     <span class='ocr_line' id='line_1_21' title="bbox 239 2133 1203 2220; baseline -0.002 -22"><span class='ocrx_word' id='word_1_156' title='bbox 239 2153 316 2220; x_wconf 84' lang='lat' dir='ltr'>gare</span> <span class='ocrx_word' id='word_1_157' title='bbox 340 2134 508 2220; x_wconf 86' lang='lat' dir='ltr'>occupatio</span> <span class='ocrx_word' id='word_1_158' title='bbox 531 2136 589 2198; x_wconf 88' lang='lat' dir='ltr'>tua</span> <span class='ocrx_word' id='word_1_159' title='bbox 612 2169 668 2214; x_wconf 88' lang='lat'>-,</span> <span class='ocrx_word' id='word_1_160' title='bbox 690 2133 805 2197; x_wconf 87' lang='lat' dir='ltr'>deinde</span> <span class='ocrx_word' id='word_1_161' title='bbox 828 2133 933 2216; x_wconf 82' lang='lat' dir='ltr'>etism,</span> <span class='ocrx_word' id='word_1_162' title='bbox 955 2136 994 2197; x_wconf 93' lang='lat' dir='ltr'>ut</span> <span class='ocrx_word' id='word_1_163' title='bbox 1016 2151 1110 2198; x_wconf 87' lang='lat' dir='ltr'>ornes</span> <span class='ocrx_word' id='word_1_164' title='bbox 1133 2153 1203 2217; x_wconf 89' lang='lat' dir='ltr'>me,</span> 
     </span>
     <span class='ocr_line' id='line_1_22' title="bbox 239 2221 1199 2308; baseline -0.003 -21"><span class='ocrx_word' id='word_1_165' title='bbox 239 2223 409 2308; x_wconf 82' lang='lat' dir='ltr'>postulem.</span> <span class='ocrx_word' id='word_1_166' title='bbox 445 2221 537 2306; x_wconf 78' lang='lat' dir='ltr'>Quid,</span> <span class='ocrx_word' id='word_1_167' title='bbox 561 2221 588 2285; x_wconf 88' lang='lat' dir='ltr'>si</span> <span class='ocrx_word' id='word_1_168' title='bbox 610 2222 667 2285; x_wconf 92' lang='lat' dir='ltr'>illa</span> <span class='ocrx_word' id='word_1_169' title='bbox 687 2221 747 2284; x_wconf 90' lang='lat' dir='ltr'>tibi</span> <span class='ocrx_word' id='word_1_170' title='bbox 770 2241 838 2286; x_wconf 90' lang='lat' dir='ltr'>non</span> <span class='ocrx_word' id='word_1_171' title='bbox 854 2225 948 2286; x_wconf 88' lang='lat' dir='ltr'>tanto</span> <span class='ocrx_word' id='word_1_172' title='bbox 967 2240 1064 2305; x_wconf 87' lang='lat' dir='ltr'>opere</span> <span class='ocrx_word' id='word_1_173' title='bbox 1078 2221 1199 2285; x_wconf 81' lang='lat' dir='ltr'>&#39;viden-</span> 
     </span>
     <span class='ocr_line' id='line_1_23' title="bbox 204 2307 1203 2392; baseline 0.004 -22"><span class='ocrx_word' id='word_1_174' title='bbox 204 2313 297 2372; x_wconf 85' lang='lat' dir='ltr'>3tur</span> <span class='ocrx_word' id='word_1_175' title='bbox 320 2309 487 2376; x_wconf 79' lang='lat' dir='ltr'>ornanda?</span> <span class='ocrx_word' id='word_1_176' title='bbox 533 2307 595 2372; x_wconf 81' lang='lat' dir='ltr'>Sed</span> <span class='ocrx_word' id='word_1_177' title='bbox 621 2312 744 2391; x_wconf 88' lang='lat' dir='ltr'>tamen,</span> <span class='ocrx_word' id='word_1_178' title='bbox 771 2309 827 2392; x_wconf 83' lang='lat' dir='ltr'>qui</span> <span class='ocrx_word' id='word_1_179' title='bbox 859 2310 957 2374; x_wconf 86' lang='lat' dir='ltr'>semel</span> <span class='ocrx_word' id='word_1_180' title='bbox 982 2310 1203 2374; x_wconf 84' lang='lat' dir='ltr'>verecundiae</span> 
     </span>
     <span class='ocr_line' id='line_1_24' title="bbox 238 2383 1278 2482; baseline 0.002 -22"><span class='ocrx_word' id='word_1_181' title='bbox 238 2395 320 2460; x_wconf 87' lang='lat' dir='ltr'>fines</span> <span class='ocrx_word' id='word_1_182' title='bbox 342 2395 520 2479; x_wconf 64' lang='lat' dir='ltr'>mandarit,</span> <span class='ocrx_word' id='word_1_183' title='bbox 547 2417 620 2459; x_wconf 90' lang='lat' dir='ltr'>eum</span> <span class='ocrx_word' id='word_1_184' title='bbox 647 2396 729 2459; x_wconf 91' lang='lat' dir='ltr'>bene</span> <span class='ocrx_word' id='word_1_185' title='bbox 757 2399 790 2460; x_wconf 91' lang='lat' dir='ltr'>et</span> <span class='ocrx_word' id='word_1_186' title='bbox 815 2397 943 2465; x_wconf 85' lang='lat' dir='ltr'>naviter</span> <span class='ocrx_word' id='word_1_187' title='bbox 969 2401 1098 2482; x_wconf 83' lang='lat' dir='ltr'>oportet</span> <span class='ocrx_word' id='word_1_188' title='bbox 1124 2419 1203 2462; x_wconf 90' lang='lat' dir='ltr'>esse</span> <span class='ocrx_word' id='word_1_189' title='bbox 1277 2383 1278 2470; x_wconf 85' lang='lat' dir='ltr'>l</span> 
     </span>
     <span class='ocr_line' id='line_1_25' title="bbox 238 2473 1278 2570; baseline 0.004 -23"><span class='ocrx_word' id='word_1_190' title='bbox 238 2483 466 2568; x_wconf 85' lang='lat' dir='ltr'>impudentem.</span> <span class='ocrx_word' id='word_1_191' title='bbox 510 2482 624 2567; x_wconf 85' lang='lat' dir='ltr'>Itaque</span> <span class='ocrx_word' id='word_1_192' title='bbox 650 2487 684 2546; x_wconf 91' lang='lat' dir='ltr'>te</span> <span class='ocrx_word' id='word_1_193' title='bbox 709 2485 806 2567; x_wconf 87' lang='lat' dir='ltr'>piane</span> <span class='ocrx_word' id='word_1_194' title='bbox 837 2483 935 2550; x_wconf 88' lang='lat' dir='ltr'>etiam</span> <span class='ocrx_word' id='word_1_195' title='bbox 967 2489 1064 2570; x_wconf 84' lang='lat' dir='ltr'>atque</span> <span class='ocrx_word' id='word_1_196' title='bbox 1096 2487 1202 2550; x_wconf 87' lang='lat' dir='ltr'>etiarn</span> <span class='ocrx_word' id='word_1_197' title='bbox 1277 2473 1278 2552; x_wconf 87' lang='lat' dir='ltr'>l</span> 
     </span>
     <span class='ocr_line' id='line_1_26' title="bbox 239 2571 1201 2658; baseline 0.002 -22"><span class='ocrx_word' id='word_1_198' title='bbox 239 2591 330 2656; x_wconf 86' lang='lat' dir='ltr'>rogo,</span> <span class='ocrx_word' id='word_1_199' title='bbox 351 2575 389 2635; x_wconf 91' lang='lat' dir='ltr'>ut</span> <span class='ocrx_word' id='word_1_200' title='bbox 411 2575 445 2636; x_wconf 92' lang='lat' dir='ltr'>et</span> <span class='ocrx_word' id='word_1_201' title='bbox 466 2591 561 2636; x_wconf 88' lang='lat' dir='ltr'>ornes</span> <span class='ocrx_word' id='word_1_202' title='bbox 580 2593 618 2636; x_wconf 91' lang='lat' dir='ltr'>ea</span> <span class='ocrx_word' id='word_1_203' title='bbox 635 2571 857 2636; x_wconf 87' lang='lat' dir='ltr'>vehementius</span> <span class='ocrx_word' id='word_1_204' title='bbox 880 2574 985 2658; x_wconf 88' lang='lat' dir='ltr'>etiam,</span> <span class='ocrx_word' id='word_1_205' title='bbox 1008 2595 1107 2657; x_wconf 86' lang='lat' dir='ltr'>quam</span> <span class='ocrx_word' id='word_1_206' title='bbox 1128 2575 1201 2640; x_wconf 85' lang='lat' dir='ltr'>fcr-</span> 
     </span>
     <span class='ocr_line' id='line_1_27' title="bbox 238 2660 1202 2748; baseline 0.004 -24"><span class='ocrx_word' id='word_1_207' title='bbox 238 2663 325 2724; x_wconf 78' lang='lat' dir='ltr'>tasse</span> <span class='ocrx_word' id='word_1_208' title='bbox 348 2661 462 2744; x_wconf 85' lang='lat' dir='ltr'>sentis,</span> <span class='ocrx_word' id='word_1_209' title='bbox 489 2663 522 2724; x_wconf 90' lang='lat' dir='ltr'>et</span> <span class='ocrx_word' id='word_1_210' title='bbox 543 2660 579 2724; x_wconf 92' lang='lat' dir='ltr'>in</span> <span class='ocrx_word' id='word_1_211' title='bbox 602 2681 639 2724; x_wconf 92' lang='lat' dir='ltr'>ec</span> <span class='ocrx_word' id='word_1_212' title='bbox 661 2660 750 2744; x_wconf 80' lang='lat' dir='ltr'>leges</span> <span class='ocrx_word' id='word_1_213' title='bbox 773 2660 928 2726; x_wconf 84' lang='lat' dir='ltr'>historiae</span> <span class='ocrx_word' id='word_1_214' title='bbox 950 2663 1098 2748; x_wconf 80' lang='lat' dir='ltr'>neg-ligas</span> <span class='ocrx_word' id='word_1_215' title='bbox 1122 2683 1202 2748; x_wconf 78' lang='lat' dir='ltr'>gra·</span> 
     </span>
     <span class='ocr_line' id='line_1_28' title="bbox 239 2747 1278 2835; baseline 0.004 -23"><span class='ocrx_word' id='word_1_216' title='bbox 239 2747 381 2834; x_wconf 85' lang='lat' dir='ltr'>tiomque</span> <span class='ocrx_word' id='word_1_217' title='bbox 402 2749 505 2832; x_wconf 89' lang='lat' dir='ltr'>illam,</span> <span class='ocrx_word' id='word_1_218' title='bbox 533 2748 659 2832; x_wconf 83' lang='lat' dir='ltr'>deque</span> <span class='ocrx_word' id='word_1_219' title='bbox 685 2749 873 2813; x_wconf 85' lang='lat' dir='ltr'>suavissime</span> <span class='ocrx_word' id='word_1_220' title='bbox 896 2749 1036 2834; x_wconf 87' lang='lat' dir='ltr'>quodam</span> <span class='ocrx_word' id='word_1_221' title='bbox 1063 2751 1100 2814; x_wconf 90' lang='lat' dir='ltr'>in</span> <span class='ocrx_word' id='word_1_222' title='bbox 1120 2773 1203 2835; x_wconf 78' lang='lat' dir='ltr'>pro·</span> <span class='ocrx_word' id='word_1_223' title='bbox 1277 2803 1278 2831; x_wconf 73' lang='lat'>,</span> 
     </span>
    </p>
   </div>
   <div class='ocr_carea' id='block_1_3' title="bbox 108 2835 1257 2923">
    <p class='ocr_par' dir='ltr' id='par_1_3' title="bbox 108 2835 1257 2923">
     <span class='ocr_line' id='line_1_29' title="bbox 108 2835 1257 2923; baseline 0.002 -23"><span class='ocrx_word' id='word_1_224' title='bbox 108 2853 114 2861; x_wconf 87' lang='lat'><strong>·</strong></span> <span class='ocrx_word' id='word_1_225' title='bbox 239 2836 344 2900; x_wconf 85' lang='lat' dir='ltr'>oemio</span> <span class='ocrx_word' id='word_1_226' title='bbox 368 2836 533 2920; x_wconf 81' lang='lat' dir='ltr'>scripsisti,</span> <span class='ocrx_word' id='word_1_227' title='bbox 555 2857 575 2900; x_wconf 89' lang='lat' dir='ltr'>a</span> <span class='ocrx_word' id='word_1_228' title='bbox 598 2857 661 2920; x_wconf 87' lang='lat' dir='ltr'>qua</span> <span class='ocrx_word' id='word_1_229' title='bbox 683 2838 715 2900; x_wconf 87' lang='lat' dir='ltr'>te</span> <span class='ocrx_word' id='word_1_230' title='bbox 733 2835 819 2900; x_wconf 88' lang='lat' dir='ltr'>flecti</span> <span class='ocrx_word' id='word_1_231' title='bbox 840 2857 909 2902; x_wconf 89' lang='lat' dir='ltr'>non</span> <span class='ocrx_word' id='word_1_232' title='bbox 925 2839 1032 2923; x_wconf 86' lang='lat' dir='ltr'>magis</span> <span class='ocrx_word' id='word_1_233' title='bbox 1050 2841 1203 2922; x_wconf 86' lang='lat' dir='ltr'>potuisse</span> <span class='ocrx_word' id='word_1_234' title='bbox 1253 2890 1257 2902; x_wconf 85' lang='lat'><em>.</em></span> 
     </span>
    </p>
   </div>
   <div class='ocr_carea' id='block_1_4' title="bbox 239 2923 1278 3446">
    <p class='ocr_par' dir='ltr' id='par_1_4' title="bbox 239 2923 1278 3446">
     <span class='ocr_line' id='line_1_30' title="bbox 240 2923 1278 3009; baseline 0.008 -23"><span class='ocrx_word' id='word_1_235' title='bbox 240 2923 440 2990; x_wconf 86' lang='lat' dir='ltr'>demonstras</span> <span class='ocrx_word' id='word_1_236' title='bbox 463 2946 561 3008; x_wconf 88' lang='lat' dir='ltr'>quam</span> <span class='ocrx_word' id='word_1_237' title='bbox 581 2923 755 2988; x_wconf 90' lang='lat' dir='ltr'>Herculem</span> <span class='ocrx_word' id='word_1_238' title='bbox 770 2923 1037 3009; x_wconf 84' lang='lat' dir='ltr'>Xenophontium</span> <span class='ocrx_word' id='word_1_239' title='bbox 1059 2927 1155 2992; x_wconf 89' lang='lat' dir='ltr'>illum</span> <span class='ocrx_word' id='word_1_240' title='bbox 1177 2951 1200 2993; x_wconf 89' lang='lat' dir='ltr'>a</span> <span class='ocrx_word' id='word_1_241' title='bbox 1277 2929 1278 3008; x_wconf 78' lang='lat' dir='ltr'>l</span> 
     </span>
     <span class='ocr_line' id='line_1_31' title="bbox 239 3009 1278 3096; baseline 0.006 -20"><span class='ocrx_word' id='word_1_242' title='bbox 239 3011 430 3096; x_wconf 79' lang='lat' dir='ltr'>Voluptate,</span> <span class='ocrx_word' id='word_1_243' title='bbox 458 3033 542 3096; x_wconf 87' lang='lat' dir='ltr'>eam,</span> <span class='ocrx_word' id='word_1_244' title='bbox 569 3011 598 3076; x_wconf 85' lang='lat' dir='ltr'>si</span> <span class='ocrx_word' id='word_1_245' title='bbox 623 3033 675 3075; x_wconf 92' lang='lat' dir='ltr'>me</span> <span class='ocrx_word' id='word_1_246' title='bbox 697 3011 757 3075; x_wconf 88' lang='lat' dir='ltr'>tibi</span> <span class='ocrx_word' id='word_1_247' title='bbox 784 3012 1006 3078; x_wconf 81' lang='lat' dir='ltr'>vehementius</span> <span class='ocrx_word' id='word_1_248' title='bbox 1033 3033 1202 3081; x_wconf 85' lang='lat' dir='ltr'>commen-</span> <span class='ocrx_word' id='word_1_249' title='bbox 1277 3009 1278 3088; x_wconf 78' lang='lat' dir='ltr'>l</span> 
     </span>
     <span class='ocr_line' id='line_1_32' title="bbox 240 3099 1278 3190; baseline 0.007 -26"><span class='ocrx_word' id='word_1_250' title='bbox 240 3099 338 3184; x_wconf 87' lang='lat' dir='ltr'>dabit,</span> <span class='ocrx_word' id='word_1_251' title='bbox 346 3121 388 3164; x_wconf 88' lang='lat' dir='ltr'>ne</span> <span class='ocrx_word' id='word_1_252' title='bbox 401 3111 571 3183; x_wconf 84' lang='lat' dir='ltr'>aspernere</span> <span class='ocrx_word' id='word_1_253' title='bbox 585 3100 750 3183; x_wconf 90' lang='lat' dir='ltr'>amorique</span> <span class='ocrx_word' id='word_1_254' title='bbox 763 3103 876 3167; x_wconf 80' lang='lat' dir='ltr'>nostro</span> <span class='ocrx_word' id='word_1_255' title='bbox 890 3102 1074 3185; x_wconf 85' lang='lat' dir='ltr'>plusculum</span> <span class='ocrx_word' id='word_1_256' title='bbox 1087 3105 1203 3190; x_wconf 85' lang='lat' dir='ltr'>etism,</span> <span class='ocrx_word' id='word_1_257' title='bbox 1277 3107 1278 3146; x_wconf 69' lang='lat'>³</span> 
     </span>
     <span class='ocr_line' id='line_1_33' title="bbox 240 3151 1278 3274; baseline 0.007 -22"><span class='ocrx_word' id='word_1_258' title='bbox 240 3206 337 3274; x_wconf 88' lang='lat' dir='ltr'>quam</span> <span class='ocrx_word' id='word_1_259' title='bbox 360 3187 514 3253; x_wconf 90' lang='lat' dir='ltr'>concedet</span> <span class='ocrx_word' id='word_1_260' title='bbox 534 3187 660 3270; x_wconf 87' lang='lat' dir='ltr'>veritas,</span> <span class='ocrx_word' id='word_1_261' title='bbox 682 3187 830 3272; x_wconf 81' lang='lat' dir='ltr'>largiare.</span> <span class='ocrx_word' id='word_1_262' title='bbox 873 3187 966 3265; x_wconf 81' lang='lat' dir='ltr'>Quod</span> <span class='ocrx_word' id='word_1_263' title='bbox 989 3189 1017 3254; x_wconf 87' lang='lat' dir='ltr'>si</span> <span class='ocrx_word' id='word_1_264' title='bbox 1039 3195 1073 3256; x_wconf 85' lang='lat' dir='ltr'>te</span> <span class='ocrx_word' id='word_1_265' title='bbox 1097 3193 1202 3258; x_wconf 83' lang='lat' dir='ltr'>addu-</span> <span class='ocrx_word' id='word_1_266' title='bbox 1277 3151 1278 3244; x_wconf 80' lang='lat' dir='ltr'>l</span> 
     </span>
     <span class='ocr_line' id='line_1_34' title="bbox 239 3273 1203 3368; baseline 0.008 -28"><span class='ocrx_word' id='word_1_267' title='bbox 239 3294 361 3359; x_wconf 89' lang='lat' dir='ltr'>cemus,</span> <span class='ocrx_word' id='word_1_268' title='bbox 387 3278 425 3340; x_wconf 85' lang='lat' dir='ltr'>ut</span> <span class='ocrx_word' id='word_1_269' title='bbox 450 3273 513 3341; x_wconf 89' lang='lat' dir='ltr'>hoc</span> <span class='ocrx_word' id='word_1_270' title='bbox 540 3275 708 3359; x_wconf 87' lang='lat' dir='ltr'>suscipias,</span> <span class='ocrx_word' id='word_1_271' title='bbox 735 3275 809 3360; x_wconf 88' lang='lat' dir='ltr'>erit,</span> <span class='ocrx_word' id='word_1_272' title='bbox 836 3279 874 3340; x_wconf 84' lang='lat' dir='ltr'>ut</span> <span class='ocrx_word' id='word_1_273' title='bbox 899 3277 981 3341; x_wconf 85' lang='lat' dir='ltr'>milri</span> <span class='ocrx_word' id='word_1_274' title='bbox 1006 3281 1203 3368; x_wconf 86' lang='lat' dir='ltr'>persuadeo,</span> 
     </span>
     <span class='ocr_line' id='line_1_35' title="bbox 1277 3415 1278 3446; baseline 0 0"><span class='ocrx_word' id='word_1_275' title='bbox 1277 3415 1278 3446; x_wconf 88' lang='lat' dir='ltr'>l</span> 
     </span>
    </p>
   </div>
   <div class='ocr_carea' id='block_1_5' title="bbox 238 3479 1203 3608">
    <p class='ocr_par' dir='ltr' id='par_1_5' title="bbox 238 3449 1278 3618">
     <span class='ocr_line' id='line_1_36' title="bbox 308 3479 1203 3559; baseline 0.01 -23"><span class='ocrx_word' id='word_1_276' title='bbox 308 3481 360 3552; x_wconf 85' lang='lat' dir='ltr'>Ep.</span> <span class='ocrx_word' id='word_1_277' title='bbox 381 3487 422 3550; x_wconf 79' lang='lat'>12,</span> <span class='ocrx_word' id='word_1_278' title='bbox 437 3487 462 3536; x_wconf 76' lang='lat'>2.</span> <span class='ocrx_word' id='word_1_279' title='bbox 499 3479 633 3538; x_wconf 65' lang='lat' dir='ltr'>Proitou</span> <span class='ocrx_word' id='word_1_280' title='bbox 651 3481 726 3550; x_wconf 67' lang='lat' dir='ltr'>(W).</span> <span class='ocrx_word' id='word_1_281' title='bbox 772 3483 901 3540; x_wconf 73' lang='lat' dir='ltr'>Troicum</span> <span class='ocrx_word' id='word_1_282' title='bbox 919 3486 971 3554; x_wconf 66' lang='lat' dir='ltr'>M„</span> <span class='ocrx_word' id='word_1_283' title='bbox 988 3488 1085 3559; x_wconf 78' lang='lat' dir='ltr'>vulgo.</span> <span class='ocrx_word' id='word_1_284' title='bbox 1126 3489 1203 3546; x_wconf 78' lang='lat' dir='ltr'>Pto-</span> 
     </span>
     <span class='ocr_line' id='line_1_37' title="bbox 238 3550 693 3608; baseline 0.011 -1"><span class='ocrx_word' id='word_1_285' title='bbox 238 3552 326 3608; x_wconf 69' lang='grc' dir='ltr'><strong><em>α’ωωη</em></strong></span> <span class='ocrx_word' id='word_1_286' title='bbox 342 3551 545 3608; x_wconf 87' lang='lat' dir='ltr'>Westcrmann.</span> <span class='ocrx_word' id='word_1_287' title='bbox 565 3550 645 3607; x_wconf 84' lang='lat' dir='ltr'>coni..</span> <span class='ocrx_word' id='word_1_288' title='bbox 663 3551 693 3605; x_wconf 92' lang='lat' dir='ltr'>B.</span> 
     </span>
    </p>
   </div>
   <div class='ocr_carea' id='block_1_6' title="bbox 0 0 1289 3980">
    <p class='ocr_par' dir='ltr' id='par_1_6' title="bbox 0 0 1289 3980">
     <span class='ocr_line' id='line_1_38' title="bbox 0 0 1289 3980; baseline 0 0"><span class='ocrx_word' id='word_1_289' title='bbox 0 0 1289 3980; x_wconf 95' lang='lat' dir='ltr'> </span> 
     </span>
    </p>
   </div>
  </div>
 </body>
</html>
