2658 3986
230 216 293 281 194
512 217 549 273 u.
568 216 692 272 ruaarr
709 215 899 272 crosaorus
963 182 966 188 ’

224 362 316 447 vulgi
343 364 440 446 atquc
466 361 595 446 turbae,
622 360 792 426 delectatio
818 362 910 426 nulla
937 361 1073 445 exstitit,
1105 363 1184 446 quin

225 451 324 515 etiam
356 450 575 515 misericordia
606 450 765 535 quaedam
800 453 973 516 consecuta
1009 452 1060 518 est
1088 455 1185 536 atquc

226 539 337 624 opinio
360 538 526 624 eiusmodi,
549 559 619 603 esse
641 538 805 622 quandam
826 539 875 604 illi
896 539 1011 604 beluae
1033 560 1108 604 cum
1131 561 1185 624 ge·

188 637 302 693 snare
329 627 473 694 humano
502 626 697 692 societatem.
746 626 808 692 His
835 648 896 713 ego
923 631 1036 693 tamen
1062 628 1186 713 diebus,

225 738 267 782 ne
294 717 379 782 forte
406 716 516 782 videar
542 715 603 781 libi
630 737 698 781 non
725 716 821 781 modo
853 717 982 802 beatus,
1016 717 1072 782 sed
1103 717 1188 781 liber

227 806 360 871 omnino
387 805 500 889 fuisse,
533 804 639 889 dirupi
670 826 722 869 me
753 825 856 890 paene
883 805 919 869 in
949 805 1069 870 iudicio
1100 804 1187 870 Galli

227 891 365 978 Caninii,
386 893 555 958 familiaris
577 893 635 958 tui.
675 891 769 968 Quod
792 893 820 958 si
841 897 910 958 tam
931 893 1061 960 facilem
1083 916 1187 979 popu·

226 983 295 1047 lum
308 982 472 1067 haberem,
488 1004 587 1067 quam
601 981 748 1066 Aesopus
767 982 891 1066 habuit,
910 982 1049 1048 libenter
1061 983 1186 1047 meher-

227 1072 298 1136 cule
323 1067 450 1158 [artem]
475 1071 655 1136 desinerem
680 1074 850 1155 tecumque
874 1074 1003 1136 etcum
1026 1071 1186 1136 similibus

225 1161 332 1227 nostri
343 1161 498 1244 viverem,
519 1182 597 1225 nam
609 1181 661 1224 me
676 1182 775 1244 quum
789 1163 886 1224 antea
902 1159 1064 1245 taedebat,
1086 1182 1186 1245 quum
1295 1185 1296 1188 ¹

227 1251 262 1314 et
283 1252 372 1314 aetas
395 1253 429 1314 et
450 1249 584 1315 ambitio
607 1269 659 1313 me
681 1248 873 1313 hortabatur
896 1251 930 1312 ct
955 1248 1075 1313 licebat
1096 1249 1186 1312 deni-

227 1359 303 1423 que,
326 1359 422 1421 quem
442 1338 610 1422 nolebam,
631 1356 700 1402 non
722 1337 906 1421 defendere,
931 1340 1003 1402 tum
1024 1358 1101 1401 vero
1123 1337 1187 1402 hoc

226 1429 373 1510 tempore
395 1426 464 1491 vite
484 1426 576 1491 nulla
598 1428 662 1508 est3
682 1446 787 1510 neque
810 1425 897 1490 enim
919 1425 1062 1490 fructum
1083 1425 1186 1490 ullum

226 1515 348 1580 laboris
380 1517 530 1600 exspecto
562 1518 596 1579 et
626 1535 726 1598 cogor
761 1535 1007 1599 nonnumquam
1037 1514 1187 1579 homines

228 1623 296 1669 non
318 1603 441 1688 optime
463 1603 502 1668 de
524 1624 576 1669 me
598 1603 731 1668 meritos
750 1606 867 1688 rogatu
886 1624 1007 1686 eorum,
1029 1603 1085 1687 qui
1103 1602 1187 1667 bene

53 1721 62 1729 ·
193 1691 337 1758 emeriti
359 1695 450 1777 sunt,
478 1691 657 1757 defendere.
701 1689 815 1776 Itaque
838 1704 958 1777 quaero
982 1712 1095 1756 causas
1119 1713 1186 1756 om·
1318 1717 1319 1722 ¹

227 1803 286 1846 nes
310 1780 483 1866 aliquando
505 1780 634 1845 vivendi
652 1780 810 1845 arbitratu
833 1802 905 1845 meo
924 1783 1019 1864 teque
1038 1782 1072 1844 et
1088 1780 1188 1844 istam

228 1870 388 1936 rationem
419 1869 478 1935 otii
508 1869 558 1934 tui
589 1871 623 1934 et
652 1869 749 1935 laudo
781 1869 988 1934 vehementer
1014 1872 1048 1934 et
1073 1869 1187 1953 probo,

228 1958 378 2044 quodque
400 1979 460 2024 nos
483 1958 590 2023 minus
617 1957 795 2042 intervisis,
820 1957 884 2023 hoc
909 1958 979 2023 fero
1003 1956 1111 2022 animo
1135 1979 1187 2022 ae-

229 2048 354 2134 quiore,
385 2047 485 2134 quod,
516 2047 544 2112 si
570 2046 694 2113 Romae
726 2068 826 2132 esses,
856 2049 966 2111 tamen
993 2068 1097 2132 neque
1123 2068 1187 2112 uos
1317 2051 1318 2054 ’

227 2138 337 2222 lepore
363 2140 422 2203 tuo
449 2158 554 2221 neque
580 2139 614 2201 te
636 2173 681 2183 —
703 2135 731 2200 si
753 2136 809 2220 qui
835 2139 886 2200 est
911 2136 947 2200 in
973 2157 1025 2199 me
1046 2171 1091 2182 -
1112 2157 1187 2203 meo

228 2226 294 2291 frui
306 2227 418 2291 liceret
434 2228 568 2311 propter
579 2224 824 2289 molestissimas
843 2224 1070 2309 occupationes
1084 2245 1188 2309 meas3

230 2315 346 2399 quibus
370 2314 398 2379 si
419 2335 472 2379 me
494 2313 640 2378 relaxaro
662 2349 707 2359 —
728 2334 815 2396 nam,
836 2316 875 2376 ut
895 2313 991 2397 plane
1014 2313 1188 2398 exsolvam,

228 2424 297 2468 uon
319 2402 449 2487 postulo
471 2437 529 2484 -,
550 2404 583 2464 te
605 2400 726 2485 ipsum,
753 2401 809 2484 qui
830 2402 950 2467 multos
978 2423 1081 2467 annos
1103 2401 1188 2466 nihil

230 2491 318 2556 aliud
341 2489 578 2574 commentaris,
601 2488 723 2555 docebo
740 2489 895 2574 profecto,
917 2490 994 2576 quid
1013 2490 1057 2554 sit
1073 2490 1189 2555 huma·
1317 2507 1318 2548 ι

229 2579 316 2645 niter
337 2579 453 2644 rivere.
498 2577 548 2643 Tu
575 2577 671 2643 modo
698 2578 796 2642 istam
821 2578 1075 2644 imbecillitatem
1101 2580 1187 2644 vale
1317 2573 1318 2600 ³

229 2667 352 2734 tudinis
374 2670 450 2734 tuae
474 2669 621 2734 sustenta
643 2669 677 2732 et
697 2669 801 2751 tuere,
823 2670 861 2732 ut
881 2667 976 2753 facis,
998 2671 1037 2733 ut
1056 2671 1189 2734 nostras

230 2757 323 2822 villas
356 2757 445 2823 obire
477 2760 511 2822 et
540 2777 666 2822 mecum
698 2755 794 2820 simul
820 2755 969 2821 lecticula
996 2777 1188 2821 concursare

195 2845 346 2932 opossis.
389 2844 480 2911 Haec
506 2845 549 2911 ad
570 2847 603 2910 ts
630 2845 776 2930 pluribus
802 2844 909 2910 uerbis
936 2844 1062 2930 scripsi,
1089 2849 1189 2928 quam

232 2934 330 3020 soleo,
347 2956 416 3001 non
434 2935 492 3001 otii
511 2933 719 3017 abundantia,
738 2933 793 2998 sed
811 2933 929 2999 amoris
950 2953 1028 3020 erga
1040 2935 1082 3018 ts,
1100 2934 1188 3019 quod

230 3046 282 3091 me
305 3023 445 3110 quadam
464 3023 600 3108 epistola
619 3021 845 3106 subinvitaras,
868 3022 896 3087 si
913 3022 1069 3088 memoria
1086 3025 1189 3107 tanes,

230 3117 270 3180 ut
291 3113 333 3179 ad
354 3115 387 3178 ts
410 3112 531 3197 aliquid
554 3111 711 3176 eiusmodi
734 3110 915 3197 scriberem,
937 3134 1001 3196 quo
1024 3110 1131 3176 minus
1154 3113 1188 3176 te

231 3201 485 3289 praetermisisse
511 3199 605 3267 ludos
630 3199 822 3284 poeniteret:
855 3199 940 3285 quod
967 3199 995 3264 si
1022 3202 1189 3265 assecutus

302 3431 355 3502 Ep.
376 3438 400 3500 1,
414 3437 439 3487 4.
467 3431 570 3498 datus,
588 3445 622 3484 ac
636 3429 671 3497 (V
673 3432 699 3498 .).
736 3429 773 3495 d,
788 3428 874 3499 [ludis
887 3427 1038 3498 scaenicis]
1053 3443 1087 3482 uc
1100 3428 1146 3495 M,
1156 3427 1187 3481 Β.

233 3503 431 3646 ustibilem
450 3501 558 3574 [artem]
582 3501 666 3596 daia.
691 3499 883 3570 (legemus).
928 3516 963 3554 m.
984 3504 1069 3555 ortem
1091 3499 1118 3554 d.
1141 3498 1190 3568 M..
