2610 3980
283 243 327 309 90
372 245 408 300 Μ.
428 245 551 301 TULLII
570 243 759 300 CICERONIS
778 241 1036 298 EPISTOLARUM
1054 243 1101 297 111.
1123 248 1163 297 13.

714 457 804 525 XIII.

411 567 469 628 scr.
488 571 518 626 in
537 571 604 626 Asia
622 587 716 626 mense
737 569 894 642 Septembri
913 585 937 623 a.
957 587 983 624 u.
1003 585 1026 624 c.
1047 574 1107 628 704.

508 692 700 749 malceno
720 694 775 749 AP.
795 692 962 749 PULCHRO
983 691 1009 748 S.

252 805 264 854 1
352 793 452 870 Quasi
483 793 659 858 divinarem
690 794 749 859 tali
780 794 815 858 in
843 793 948 859 officio
974 792 1045 858 fore
1072 791 1153 857 mihi
1181 791 1234 855 ali·
1289 815 1290 828 ¹

285 883 413 966 quando
441 881 654 966 expetendum
682 882 823 946 studium
850 885 956 964 tuum,
984 882 1044 965 sic,
1070 902 1170 966 quum
1198 880 1235 944 de
1289 877 1290 882 ’

284 971 349 1036 tuis
371 970 467 1035 rebus
490 970 589 1055 gestis
613 969 777 1056 agebatur,
799 969 1013 1035 inserviebam
1030 968 1148 1034 honori
1166 972 1236 1050 tuo,
1289 973 1290 980 ’

284 1059 389 1124 dicam
406 1061 516 1124 tamen
533 1079 619 1123 vere:
642 1058 724 1142 plus,
746 1079 843 1143 quam
862 1078 1039 1142 acceperas,
1051 1057 1237 1140 Ιτοάἀίἀὶεῒίς
1289 1079 1290 1084 ¹

285 1147 356 1231 quis
386 1147 473 1212 enim
503 1145 544 1211 ad
575 1167 626 1211 me
657 1167 725 1212 non
755 1146 942 1231 perscripsit
972 1149 1005 1210 te
1032 1165 1099 1210 non
1132 1146 1237 1210 solum
1289 1149 1290 1222 j

284 1235 488 1316 auctoritate,
520 1234 678 1317 oratione,
706 1235 865 1300 sententia
891 1236 962 1318 tua,
989 1233 1105 1318 quibus
1133 1248 1238 1319 egos
1289 1251 1290 1312 j

284 1322 342 1388 tali
364 1324 433 1388 viro
457 1325 628 1387 contentus
651 1339 749 1406 cram,
771 1321 826 1387 sed
849 1321 947 1387 etiam
970 1343 1069 1406 opera
1091 1322 1238 1405 consilio,
1289 1319 1290 1394 I

285 1411 415 1476 domum
445 1410 603 1475 veniendo
635 1410 863 1476 conveniendis
893 1410 973 1475 meis
1001 1411 1126 1475 nullum
1154 1432 1238 1476 onus
1289 1415 1290 1478 Ϊ

284 1498 383 1564 officii
406 1498 555 1582 cuiquam
581 1499 739 1582 reliquum
765 1497 901 1564 fecisse?
945 1497 1035 1563 Haec
1061 1498 1142 1563 mihi
1172 1521 1238 1562 am·
1289 1517 1290 1580 l

284 1588 388 1671 pliora
405 1587 507 1652 multo
526 1589 603 1651 sunt
621 1609 717 1671 quam
734 1587 790 1651 illa
808 1587 887 1671 ipsa,
905 1590 1037 1670 propter
1056 1607 1137 1670 quae
1156 1587 1239 1652 haec
1289 1621 1290 1650 ;

284 1675 485 1758 laborantum
507 1674 649 1761 insignia
671 1675 757 1741 enim
780 1675 907 1740 virtutis
928 1675 1022 1740 multi
1045 1675 1143 1740 etiam
1168 1677 1239 1741 sinc

284 1763 402 1828 virtute
426 1763 564 1828 assecuti
587 1766 676 1848 sunt,
702 1763 816 1829 talium
843 1763 985 1829 virorum
1012 1766 1106 1828 tanta
1129 1764 1241 1829 studia

249 1851 412 1936 cassaqui
444 1851 513 1916 sola
544 1851 645 1917 virtus
672 1855 788 1936 potest.
831 1850 945 1936 Itaque
975 1851 1057 1916 mihi
1087 1874 1240 1937 propono
1289 1853 1290 1882 ³

284 1939 424 2004 fructum
456 1938 616 2004 amicitiae
646 1944 777 2006 nostrae
812 1940 917 2025 ipsam
949 1940 1136 2023 amicitiam,
1175 1963 1241 2026 qua
1289 1939 1290 1952 ¹

285 2028 366 2092 nihil
388 2031 438 2092 est
459 2027 602 2113 uberius,
628 2028 816 2112 praesertim
843 2029 878 2093 in
899 2028 940 2092 iis
963 2028 1091 2112 studiis,
1119 2030 1241 2114 quibus
1289 2047 1290 2050 ’

284 2120 418 2201 uterquc
445 2119 592 2182 nostrum
615 2116 782 2182 devinctus
804 2118 867 2200 est,
894 2137 971 2180 nam
996 2116 1057 2180 tibi
1083 2139 1136 2181 mc
1165 2141 1241 2202 pro·
1289 2187 1290 2204 ξ

284 2205 378 2279 creor
400 2207 433 2269 et
454 2205 490 2270 in
511 2226 545 2269 re
568 2204 697 2289 publica
720 2204 854 2288 sociu'm,
882 2205 921 2270 de
944 2226 1008 2288 qua
1029 2204 1115 2269 idem
1140 2208 1242 2271 senti·
1289 2209 1290 2256 i

285 2315 370 2376 mus,
398 2296 431 2357 et
457 2293 493 2357 in
515 2292 701 2376 quotidiana
727 2293 795 2357 vita
816 2292 1037 2378 coniunctum,
1064 2315 1164 2378 quam
1188 2295 1242 2360 his

285 2380 408 2445 artibus
431 2380 608 2464 studiisque
631 2382 775 2448 colimus,
814 2380 941 2446 Vellem
962 2381 1009 2446 ita
1030 2381 1166 2448 fortuna
1189 2388 1242 2448 tu·
1289 2427 1290 2436 κ

285 2468 389 2550 lisset,
415 2471 464 2552 ut,
497 2470 610 2552 quanti
637 2489 696 2556 ego
725 2490 837 2535 omnes
863 2471 937 2535 tuos
963 2469 1061 2554 faci0,
1088 2472 1176 2536 tanti
1206 2475 1244 2537 tu

285 2577 374 2621 meos
396 2556 501 2627 facere
524 2578 648 2642 posses,
671 2558 757 2641 quod
778 2561 888 2622 tamen
910 2557 1017 2642 ipsum
1039 2560 1149 2624 nescio
1175 2581 1244 2645 qua

285 2647 450 2729 permotus
473 2645 573 2710 animi
596 2646 791 2711 divinatione
814 2666 882 2711 non
904 2645 1047 2730 despero.
1088 2645 1152 2712 sec
1176 2649 1245 2715 hoc

285 2732 367 2798 nihil
399 2732 440 2798 ad
471 2737 517 2816 te3
548 2737 694 2798 nostrum
725 2737 776 2798 est
805 2753 897 2798 onus.
946 2733 1031 2800 Illud
1061 2735 1159 2800 velim
1196 2738 1246 2804 sic
1289 2727 1290 2816 i

284 2820 415 2904 habeas,
438 2822 524 2905 quod
546 2821 716 2906 intelliges,
738 2821 799 2886 hac
821 2842 855 2886 re
877 2825 998 2888 novata
1012 2822 1158 2888 additum
1182 2848 1245 2910 po·
1289 2841 1290 2854 ¹

284 2907 350 2974 tius
377 2909 497 2994 aliquid
524 2909 694 2975 admeum
720 2912 856 2994 ergata
884 2911 1126 2996 studiumque
1153 2915 1246 2980 nihil
1289 2943 1290 2946 ¹

284 2996 454 3063 videbatur
480 2997 554 3062 addi
576 3018 684 3082 posse,
711 3019 807 3081 quam
834 2998 1008 3083 quidquam
1034 3018 1104 3065 csse
1132 3001 1246 3068 detra-
1289 2997 1290 3010 ¹

285 3088 381 3150 ctum.
418 3083 523 3161 Quum
541 3085 621 3150 haec
639 3085 826 3168 scribebam,
848 3105 1013 3153 censorem
1031 3088 1097 3153 iam
1115 3092 1147 3153 te
1167 3111 1247 3157 esse

286 3174 468 3257 sperabam:
496 3194 533 3238 eo
561 3172 688 3239 brevior
714 3177 764 3238 cst
790 3173 928 3258 epistola
950 3179 995 3261 et,
1022 3179 1060 3240 ut
1082 3176 1248 3246 adversus
1289 3253 1290 3260 ,

285 3261 476 3347 magistrum
498 3281 632 3346 morum,
654 3261 836 3327 modestior.
1289 3273 1290 3282 ’

355 3415 406 3487 Ep.
427 3423 508 3485 13,1.
537 3417 709 3484 auctoritate,
732 3419 867 3486 oratione,
888 3423 955 3476 reat.
974 3418 1089 3490 (Gran).
1130 3439 1156 3476 a.
1176 3438 1249 3480 ora·

255 3505 260 3514 ‘
285 3485 368 3541 tion-ia
385 3501 407 3542 a.
425 3487 471 3556 M,
490 3487 521 3543 Β.
558 3493 582 3542 2.
602 3488 743 3559 iutelliycs,
760 3489 812 3544 boc
830 3487 905 3560 (On).
942 3489 1078 3560 iathlepes
1095 3491 1147 3546 iac
1160 3491 1194 3548 B.
1289 3509 1290 3516 ¹
