2658 3986
230 237 295 301 228
513 236 550 290 li
569 235 693 290 TULLII
710 233 902 290 CICERONIS

229 382 291 446 tibi
313 403 386 446 cum
408 382 555 466 impensa
576 402 648 446 mea
670 379 847 463 exhibeam,
868 380 922 445 fao
938 402 991 446 me
1008 381 1187 446 certiorem.

194 484 212 536 2
230 469 266 536 Si
288 470 366 554 quid
387 471 424 534 in
448 492 484 534 re
509 470 640 554 publica
661 469 766 534 maius
792 473 901 534 actum
923 469 997 553 erit,
1023 469 1110 554 quod
1131 468 1188 532 isti

231 559 370 643 operarii
390 559 499 623 minus
520 558 686 623 commode
703 558 853 643 persequi
870 559 1006 642 possint,
1027 562 1061 622 et
1077 578 1187 641 quem-

231 647 405 712 admodum
436 651 545 712 actum
581 647 625 711 sit
659 650 693 710 ct
727 668 810 730 quae
845 645 1039 710 existimatio
1077 649 1188 709 secuta
1310 655 1311 674 ¹

230 758 376 821 quaeque
399 736 438 800 de
460 757 499 800 eo
523 756 596 820 spes
619 735 671 818 sir,
692 735 864 820 diligenter
885 734 1032 819 tibiipsi
1053 734 1187 819 perscri-

230 825 352 890 bemus.
387 823 434 889 Ut
447 845 535 888 nunc
553 828 611 906 est,
628 823 719 888 nulla
736 844 857 908 magno
875 845 972 908 opere
989 822 1187 907 exspectatio

231 918 294 977 est:
320 935 397 977 nam
420 917 454 976 et
474 912 522 976 illi
543 932 688 977 rumores
716 911 757 975 de
779 912 918 976 comitiis
941 910 1188 996 'lbanspadano
1311 991 1312 994 Ἴ

231 1024 303 1066 rum
325 999 501 1066 Oumarum
522 1004 618 1066 tenus
645 1000 826 1084 caluerunt,
848 999 987 1065 Romam
1014 1021 1113 1084 quum
1134 1020 1187 1063 ve·

231 1091 365 1172 nissam,
391 1111 433 1154 ne
455 1090 679 1155 tenuissimam
706 1088 835 1172 quidem
862 1087 1060 1154 auditionem
1087 1087 1126 1151 de
1148 1108 1188 1151 ea

231 1200 266 1243 re
297 1179 420 1263 accepi3
446 1181 614 1263 praeterea
639 1175 824 1261 Marcellus,
855 1177 943 1261 quod
974 1176 1079 1242 adhuc
1104 1174 1188 1240 nihil
1312 1255 1313 1262 ἵ

231 1268 357 1332 rettulit
388 1267 427 1331 de
459 1266 660 1331 successione
686 1265 925 1350 provinciarum
946 1263 1123 1330 Galliarum
1155 1268 1189 1327 et
1312 1273 1313 1278 ’

231 1357 267 1420 in
284 1354 448 1420 Kalendas
466 1352 587 1438 Iunias,
608 1358 647 1418 ut
668 1353 749 1418 mibi
769 1355 839 1438 ipse
861 1354 952 1437 dixit,
973 1375 1045 1419 sam
1062 1352 1189 1417 distulit

231 1443 436 1526 relationem,
466 1464 545 1506 sane
575 1463 674 1526 quam
704 1463 760 1508 eos
791 1464 955 1508 sermones
981 1441 1189 1526 'sexpressit
1220 1457 1228 1468 “

233 1533 289 1616 qui
310 1532 350 1596 de
373 1553 411 1596 eo
433 1535 504 1595 tum
525 1530 665 1614 fuerant,
687 1551 787 1614 quum
808 1530 932 1596 Romae
954 1553 1014 1596 nos
1037 1551 1187 1594 essemus.

197 1620 283 1686 aTu
310 1621 338 1684 si
364 1619 567 1704 Pompeium,
598 1623 636 1684 ut
660 1619 806 1704 volebas,
837 1619 1012 1703 offendisti,
1043 1619 1099 1702 qui
1126 1617 1188 1682 tibi

232 1710 320 1774 visus
343 1709 386 1772 sit
406 1712 441 1772 et
463 1729 559 1792 quam
582 1709 762 1774 orationem
782 1708 933 1773 habuerit
952 1712 1060 1773 tecum
1077 1727 1188 1791 quam·

233 1818 295 1881 que
318 1797 495 1862 ostenderit
516 1798 718 1862 voluntatem
731 1833 773 1844 -
792 1797 876 1862 solet
897 1797 984 1861 enim
1006 1795 1093 1861 aliud
1116 1817 1188 1861 sen·

232 1888 293 1952 tire
316 1889 350 1950 et
370 1886 460 1971 loqui
482 1907 586 1970 neque
613 1889 742 1950 tantum
764 1887 870 1950 valere
892 1885 1038 1971 ingenio,
1060 1887 1188 1965 utnon

198 1986 215 2034 4
233 1979 397 2060 appareat,
415 1974 492 2059 quid
510 1975 620 2058 cupiet
632 2011 687 2058 -‚
703 1973 755 2040 fao
773 1973 853 2040 mibi
870 1973 1058 2058 perscribas.
1094 1969 1188 2049 Quod

233 2065 274 2129 ad
301 2061 485 2148 Caesarem,
515 2063 620 2128 crebri
646 2067 679 2129 et
704 2085 773 2130 non
799 2063 876 2127 belli
902 2063 942 2129 de
968 2084 1007 2127 so
1034 2083 1188 2145 rumores,

233 2152 288 2218 sed
312 2156 529 2219 susurratores
552 2153 732 2236 dumtaxat,
758 2152 905 2216 veniunt:
937 2151 1020 2216 alius
1047 2152 1188 2236 equitem

231 2241 422 2326 perdidisse,
453 2241 552 2325 quod,
584 2241 713 2324 opinor,
743 2244 829 2306 certe
861 2241 972 2306 fictum
1007 2244 1070 2323 ost,
1105 2241 1188 2306 alius

233 2331 403 2415 septimam
428 2329 590 2414 legionem
621 2330 803 2414 vapulasse,
833 2330 940 2413 ipsum
969 2329 1055 2414 apud
1080 2327 1187 2395 Bello-

231 2439 328 2482 vacos
351 2416 575 2482 circumsederi
596 2417 806 2484 interclusum
829 2417 870 2483 ab
892 2418 1015 2502 reliquo
1034 2419 1186 2486 exercitu:

232 2526 336 2588 neque
364 2504 469 2570 adhuc
500 2506 579 2569 certi
611 2505 786 2590 quidquam
813 2510 875 2590 est,
905 2528 1010 2591 neque
1036 2507 1117 2574 haec
1138 2508 1187 2573 in-

232 2597 320 2657 certa
342 2597 453 2657 tamen
469 2593 567 2680 vulgo
585 2593 756 2679 iactantur,
780 2595 836 2660 sed
853 2596 938 2661 inter
954 2617 1086 2680 paucos,
1105 2618 1187 2680 quos

231 2685 269 2746 tu
300 2682 400 2765 nosti,
430 2681 539 2768 palam
571 2686 693 2748 secreto
728 2689 915 2767 narrantur;
950 2689 986 2749 at
1015 2685 1187 2771 Domitius,

233 2792 332 2853 quum
354 2791 468 2835 manus
496 2770 538 2834 ad
565 2792 601 2836 os
628 2773 787 2856 apposuit.
832 2771 878 2836 Te
900 2793 928 2838 a.
951 2773 981 2838 d
1004 2787 1092 2836 vnn.
1114 2773 1186 2840 Kal.

232 2857 342 2922 Iunias
370 2859 572 2925 subrostrani
594 2897 635 2907 —
664 2860 751 2945 quod
777 2861 906 2926 illorum
932 2862 1031 2946 capiti
1058 2863 1115 2928 sit!
1142 2898 1188 2912 -

232 2945 428 3031 dissiparant
449 2948 582 3032 perisse:
604 2948 684 3014 urbe
707 2971 745 3014 ac
766 2949 838 3015 foro
861 2953 931 3015 toto
954 2951 1112 3018 maximus
1134 2974 1186 3018 ru·

232 3056 302 3100 mor
324 3035 388 3100 fuit
409 3038 442 3100 te
464 3057 485 3100 a
503 3035 540 3112 Q.
553 3036 706 3122 Pompeio
729 3038 765 3103 in
786 3038 900 3104 itinere
919 3040 1068 3107 occisum.
1103 3038 1187 3127 Ego,

301 3226 353 3300 Ep.
375 3234 399 3296 1,
413 3233 438 3283 2.
466 3228 519 3283 tici
535 3228 797 3298 apapermenus
811 3231 976 3303 (Pluygers).
1012 3237 1030 3286 t.
1045 3249 1076 3302 p.
1091 3233 1185 3304 vulgo.

234 3328 267 3339 —
286 3299 444 3364 coluerant,
465 3297 582 3353 &mam
659 3303 765 3372 accepi5
783 3307 927 3371 praetereo
948 3302 1024 3372 (W.).
1061 3305 1127 3370 cul.;
1149 3302 1185 3359 R.

295 3371 394 3438 eccm.
432 3369 482 3425 Pr.
501 3369 596 3439 vulgo.
620 3399 654 3410 -
681 3374 844 3441 †expressil
867 3373 942 3442 (W).
982 3375 1111 3442 repressit
1133 3373 1186 3443 (L.)

101 3499 102 3504 ἵ
232 3443 282 3492 aut
295 3442 397 3508 messit
415 3439 491 3511 (On).
528 3439 684 3511 [expressit
701 3443 732 3496 B.
752 3472 786 3482 —
804 3460 917 3500 ossam
934 3460 1001 3499 carc.
1040 3444 1084 3500 Tu
1103 3445 1186 3515 (Kay-

232 3511 318 3633 serlq
337 3511 463 3648 &sqch
481 3511 579 3568 ultim
596 3512 635 3567 od
653 3511 793 3569 Gaesarem
813 3515 898 3583 (th
917 3543 951 3556 ·-
974 3516 1047 3586 quod
1064 3518 1207 3586 e'psorsco¹

232 3592 317 3648 capre
386 3621 392 3634 .
1032 3617 1040 3628 ·
