2676 3984
411 247 671 304 nplsnonnnun
688 249 736 303 1x.
757 254 797 304 15.
818 255 860 305 1c.
1047 247 1112 312 277

155 413 217 479 ago
240 391 302 456 sim
325 390 486 476 Neapoli?
520 392 643 458 Rornae
665 415 765 477 quum
778 415 860 460 *sum
888 397 921 458 et
942 414 1042 479 urgeo
1064 394 1113 460 fc·

155 503 241 564 rum,
268 485 400 546 senatus
427 481 576 546 consulta
603 482 788 547 scribuntur
819 482 905 568 apud
937 485 1113 547 amatorem

156 573 257 653 tuum,
279 569 472 637 familiarem
493 591 617 654 menm3
640 573 674 635 et
696 571 834 657 quidem,
855 593 955 656 quum
972 572 1007 636 in
1026 592 1113 635 men·

156 661 222 724 tem
254 659 356 737 venit,
391 679 496 742 ponor
527 658 568 724 ad
600 659 802 725 scribendum
840 664 874 725 et
905 663 981 725 ante
1017 659 1112 726 audio
1186 703 1191 712 ·

157 749 288 812 senatus
320 747 505 813 consultum
536 747 572 812 in
600 746 788 813 Armeniam
820 751 854 814 et
885 747 1012 834 Syriam
1044 769 1113 812 esse

156 836 330 920 perlatum,
361 835 448 920 quod
478 836 514 900 in
539 858 646 901 meam
673 837 868 902 sententiam
894 838 1018 902 factum
1044 858 1113 902 esse

157 924 295 1008 dicatur,
323 945 420 1009 qnam
448 925 580 991 omnino
608 926 806 991 mentionem
832 927 933 992 ullam
956 926 995 991 de
1019 947 1057 990 ea
1079 947 1113 990 re

158 1033 228 1080 csse
254 1013 384 1078 iactam.
432 1010 542 1098 Atque
572 1013 635 1086 hoc
665 1015 768 1080 nolim
799 1035 850 1079 me
876 1015 976 1080 iocari
1007 1018 1114 1099 putes,

157 1123 235 1168 nam
257 1101 337 1168 mihi
360 1101 442 1167 scito
469 1102 534 1166 iam
558 1125 577 1166 a
598 1103 729 1188 regibus
756 1103 879 1167 ultimis
906 1103 1021 1166 allatas
1045 1123 1114 1166 esse

157 1190 297 1274 litteras,
328 1191 444 1274 quibus
475 1190 556 1255 mihi
583 1191 705 1276 gratias
729 1192 844 1276 agant,
871 1191 957 1276 quod
986 1213 1020 1255 se
1043 1212 1115 1255 mea

159 1280 320 1344 sententia
346 1299 439 1365 reges
465 1279 708 1364 appellaverim,
735 1301 816 1364 qnos
844 1299 905 1365 ego
928 1300 996 1344 non
1018 1279 1114 1344 modo

158 1387 251 1452 reges
265 1368 454 1452 appellatos,
472 1368 528 1433 sed
546 1368 678 1434 omnino
692 1371 789 1432 natos
808 1368 999 1433 nesciebam.
1031 1365 1114 1443 Quid
1133 1381 1149 1432 6

159 1477 237 1542 crgo
260 1455 331 1521 est?
353 1459 473 1541 tamen,
496 1456 648 1541 quamdiu
670 1456 723 1521 hic
746 1457 808 1522 erit
824 1461 936 1523 noster
952 1457 1006 1521 hic
1024 1477 1114 1541 prae·

159 1543 264 1610 lectus
286 1545 441 1629 moribus,
463 1545 583 1629 parebo
600 1546 788 1610 auctoritati
805 1549 895 1630 tuae3
918 1567 1016 1630 quum
1038 1565 1115 1610 vero

160 1633 277 1714 aberit,
308 1633 350 1698 ad
375 1633 495 1719 fungos
522 1655 574 1698 me
600 1637 675 1698 tuos
702 1635 875 1699 conferam.
919 1633 1061 1700 Domum
1088 1633 1116 1697 si

160 1721 301 1805 habebo,
330 1722 366 1786 in
393 1722 494 1786 denos
521 1722 588 1786 dies
616 1722 761 1808 singulos
789 1723 1007 1825 sumptuariae
1033 1716 1115 1808 legis

161 1809 228 1874 dies
261 1809 439 1894 conferam3
471 1811 522 1876 sin
554 1813 662 1874 autem
692 1811 800 1876 minus
831 1813 1001 1914 invenere,
1030 1810 1116 1895 quod

160 1899 300 1983 placeat,
332 1898 458 1964 decrevi
488 1899 636 1963 habitare
663 1899 749 1984 apud
780 1903 826 1984 te,
856 1900 924 1966 scic
952 1900 1038 1964 enim
1064 1920 1116 1962 me

160 1986 244 2051 nihil
264 1986 326 2052 tibi
353 1987 477 2073 gratius
505 1987 611 2052 facere
633 2009 737 2072 posse.
781 1987 924 2054 Domum
948 1985 1116 2053 Sullanam

161 2074 373 2160 desperabam
394 2076 469 2161 iam,
490 2079 529 2141 ut
545 2075 607 2140 tibi
625 2076 769 2161 proxime
788 2077 910 2161 scripsi,
932 2077 989 2140 sed
1006 2080 1116 2140 tamen

160 2185 231 2230 non
257 2165 371 2230 abieci:
397 2169 435 2228 tu
461 2165 571 2249 salim,
601 2169 639 2230 ut
665 2165 791 2249 scribis,
818 2186 891 2230 cum
917 2165 1019 2230 fabris
1046 2185 1117 2229 eam

162 2253 350 2338 perspiciam
380 2254 408 2318 si
433 2254 521 2318 anim
547 2253 630 2318 nihil
657 2256 708 2319 est
733 2254 769 2318 in
795 2253 972 2338 parietibus
996 2256 1056 2318 aut
1081 2253 1117 2317 in

162 2345 249 2406 tacto
271 2341 352 2426 vitii,
374 2345 481 2406 catara
502 2342 582 2406 mihi
603 2342 836 2426 probabuntur.

596 2551 685 2620 XVI.

165 2661 221 2720 Ser.
250 2664 280 2718 in
307 2631 467 2721 Tusculano
486 2681 580 2722 mensa
604 2662 739 2792 Quinpgigi
767 2669 842 2734 (ante
861 2666 921 2722 VII.
944 2667 1005 2722 Kal.
1031 2666 1118 2737 Sext)

545 2753 657 2791 auc.
732 2778 738 2790 .

460 2859 588 2916 CICERO
606 2860 726 2916 PAETO
747 2860 822 2916 SAL.

230 2957 443 3026 Delectarunt
463 2981 514 3025 ma
536 2964 612 3026 tuae
629 2960 766 3044 litterae,
787 2961 823 3024 in
845 2960 962 3045 quibus
975 2962 1152 3046 primuml

163 3048 271 3114 amavi
293 3070 436 3114 amoram
456 3053 559 3132 tuum,
584 3049 639 3133 qui
661 3052 694 3113 te
717 3049 758 3113 ad
782 3049 985 3114 scribendum
1006 3051 1119 3115 incita-

162 3135 212 3202 uit
240 3139 417 3221 verentem,
446 3158 489 3201 ne
521 3134 618 3201 Silius
650 3158 709 3202 suc
740 3137 856 3203 nuntio
888 3137 1008 3221 aliquid
1039 3139 1120 3203 mihi

161 3224 391 3294 sollicitudinis
419 3226 595 3309 attrrlisset3
622 3225 665 3290 aa
693 3247 757 3310 quo
789 3229 823 3290 et
852 3229 889 3290 tu
916 3226 997 3290 mihi
1024 3231 1120 3292 antea

164 3313 352 3397 scripseras,
383 3313 433 3378 bis
464 3313 592 3398 quidem
624 3313 736 3379 eodem
768 3315 926 3398 exemplo,
956 3313 1051 3379 facile
1083 3319 1121 3380 ut

162 3590 217 3648 me
234 3520 286 3592 Ep
280 3528 354 3648 Β16,
370 3528 393 3578 1.
430 3523 522 3578 caraci
549 3537 665 3578 amorem
697 3522 757 3592 (n,
780 3522 878 3594 vulgo)
935 3522 1120 3578 aumadcatr'

216 3610 273 3663 511
