2568 3980
349 220 607 278 EPISTOLARUM
625 221 659 276 V.
680 228 721 276 15.
742 228 782 276 16.
982 221 1048 285 145

26 423 27 440 ,
101 389 186 451 quam
209 388 335 451 semper
357 367 393 431 in
415 388 470 432 ore
493 371 589 452 atque
616 368 652 431 in
675 367 783 431 animo
806 367 925 432 habere
953 366 1047 431 debc-

26 445 27 472 ³
101 479 174 541 mus,
204 456 352 522 homines
378 477 440 520 nos
467 459 505 520 ut
531 478 600 520 esse
627 455 881 539 meminerimus,
910 479 949 520 ea
974 457 1046 541 lege

101 549 197 629 natos,
224 548 263 609 ut
285 544 435 610 omnibus
457 543 530 610 telis
552 545 703 611 fortunae
726 545 893 629 proposita
916 545 958 609 sit
979 545 1048 609 vita

101 637 210 717 nostra,
231 655 337 718 neque
360 655 430 698 esse
452 634 674 718 recusandum,
697 633 891 718 quominus
915 655 961 717 ea,
984 655 1048 718 qua

101 723 159 786 nati
182 745 302 805 sumus,
325 722 512 788 condicione
535 725 690 806 vivamus,
712 743 793 787 neve
815 727 883 787 tam
907 723 1049 810 graviter

102 832 146 876 eos
168 833 262 876 casus
284 811 436 897 feramus,
458 833 539 896 quos
561 813 651 876 nullo
671 811 805 876 consilio
826 812 928 876 vitare
946 813 1047 896 possi·

26 909 27 952 f
101 922 174 985 nus,
201 901 390 984 eventisque
413 901 549 966 aliorum
576 901 731 965 memoria
756 900 939 984 repetendis
966 899 1048 964 nihil

101 989 245 1053 accidisse
266 989 346 1054 novi
367 989 461 1054 nobis
485 990 677 1074 cogitemus,
700 988 756 1054 sed
774 1010 877 1072 neque
895 989 975 1053 haec
993 994 1084 1054 ne3

101 1099 153 1160 que
175 1081 302 1142 ceterae
325 1078 576 1162 consolationes,
605 1099 687 1163 quaa
711 1081 829 1142 sunta
852 1077 1048 1160 sapientissi-

101 1167 153 1230 mis
178 1167 257 1230 viris
285 1170 458 1250 usurpatae
484 1168 721 1250 memoriaeque
750 1165 867 1230 litteris
894 1166 1049 1249 proditae,

101 1257 220 1318 tantum
247 1255 398 1320 videntur
420 1255 574 1340 proficere
602 1256 731 1339 debere,
760 1257 917 1340 quantum
944 1258 1049 1320 status

101 1343 160 1426 ipsc
180 1346 316 1409 nostrae
339 1344 478 1409 civitatis
501 1345 631 1409 ethaeo
648 1343 849 1428 perturbatio
867 1348 1048 1428 temporum

102 1431 306 1517 perditorum,
334 1455 432 1517 quum
458 1433 636 1498 beatissimi
659 1433 737 1516 sint,
764 1433 820 1516 qui
841 1432 960 1498 liberos
983 1455 1051 1498 non

102 1526 318 1606 susceperunt,
341 1523 447 1586 minus
470 1526 579 1587 autern
600 1522 722 1604 miseri,
749 1521 804 1604 qui
826 1521 878 1585 his
900 1522 1050 1606 tempori-

102 1607 155 1674 bus
176 1611 368 1694 amiscrnnt,
396 1633 492 1694 quam
520 1612 547 1675 si
570 1611 699 1677 eosdem
721 1610 809 1674 bona
836 1611 1051 1695 actionique

103 1699 201 1782 aliqua
228 1720 264 1763 re
296 1699 425 1783 publica
451 1699 676 1784 perdidissent.
725 1697 818 1772 Quod
846 1699 873 1764 si
899 1704 992 1765 tuum
1018 1702 1088 1763 104

103 1785 288 1852 deuterium
311 1791 420 1853 movet
441 1793 498 1853 aut
521 1792 548 1854 si
569 1797 700 1854 tuarum
724 1808 831 1852 rerum
855 1789 1051 1873 cogitatione

105 1897 226 1960 maeres,
245 1898 313 1942 non
325 1876 421 1941 facile
435 1878 596 1942 exhauriri
608 1878 670 1943 tibi
686 1877 786 1941 istum
800 1877 943 1942 dolorem
956 1897 1051 1960 posse

104 1965 281 2030 universum
303 1969 397 2050 puto,
419 1966 471 2030 sin
492 1967 549 2031 illa
571 1972 604 2032 te
622 1987 675 2032 res
692 1965 822 2049 cruciat,
844 1987 926 2049 quae
946 1967 1051 2049 magis

105 2053 214 2120 amoris
237 2055 301 2137 cst,
323 2057 507 2139 uteorum,
534 2056 589 2140 qui
612 2054 810 2136 occiderunt,
837 2053 982 2116 miserias
1005 2054 1052 2117 lu-

106 2161 187 2227 geas,
213 2146 251 2206 ut
274 2164 313 2206 ea
334 2163 403 2206 non
425 2144 542 2228 dicam,
565 2167 649 2228 quac
671 2142 856 2226 saepissima
879 2144 912 2204 et
933 2141 998 2224 legi
1020 2146 1054 2204 et

105 2231 213 2314 audivi,
235 2230 319 2295 nihil
341 2231 419 2295 mali
441 2253 510 2298 esse
533 2234 568 2297 in
590 2237 704 2318 morte,
725 2233 761 2296 in
784 2253 847 2316 qua
870 2230 898 2295 si
915 2229 1054 2294 resideat

107 2339 219 2402 sensus,
241 2320 468 2392 immortalitas
485 2323 543 2386 illa
561 2323 669 2406 potius
688 2343 785 2406 quam
802 2341 889 2385 mors
908 2319 1054 2384 ducenda

106 2407 157 2493 sit,
186 2408 237 2473 sin
267 2407 312 2473 sit
343 2409 492 2495 amissus,
523 2412 614 2475 nulla
644 2411 746 2474 videri
774 2409 903 2474 miseria
929 2409 1054 2492 debeat,

107 2517 181 2579 quaa
202 2517 270 2562 non
293 2499 465 2582 sentiatur,
491 2500 554 2564 hoc
575 2503 686 2564 tamen
714 2521 782 2564 non
805 2498 956 2563 dubitans
980 2519 1054 2562 con-

106 2583 225 2650 firmare
247 2607 395 2671 possum,
422 2609 460 2652 ea
486 2588 627 2671 misceri,
653 2587 774 2671 parari,
801 2586 985 2671 impendere
1007 2587 1055 2650 rei

107 2674 255 2758 publicae,
279 2697 360 2758 quae
384 2675 439 2759 qui
461 2677 634 2761 reliquerit,
656 2676 748 2742 nullo
768 2675 864 2741 modo
887 2675 967 2741 mihi
987 2675 1054 2758 qui-

109 2761 175 2826 dem
196 2765 436 2848 deceptusesse
453 2765 613 2846 videntum
635 2764 712 2848 quid
731 2768 781 2829 est
799 2764 967 2828 animiam
987 2784 1055 2828 non

110 2851 196 2917 modo
219 2853 344 2937 pudori,
365 2853 531 2938 probitati,
552 2853 674 2937 virtuti,
696 2854 792 2922 rectis
815 2852 938 2936 studiis,
961 2851 1055 2917 bonis

112 2939 237 3026 artibus,
269 2941 324 3005 sed
354 2943 485 3008 omnino
512 2941 655 3006 libertati
683 2963 720 3006 ac
749 2942 845 3006 saluti
871 2940 956 3006 loci?
987 2961 1056 3005 non

112 3027 280 3095 mehercule
295 3052 488 3114 quemquam
502 3029 610 3096 audivi
628 3029 691 3094 hoc
709 3031 898 3116 gravissimo
914 3033 946 3092 et
958 3029 1055 3114 pesti·

112 3113 278 3184 lentissimo
307 3141 394 3184 anno
422 3118 696 3185 adolescentulum
723 3123 781 3183 aut
811 3135 945 3203 puerum
972 3137 1055 3181 mor-

114 3205 203 3292 tuum,
225 3209 279 3293 qui
301 3208 382 3272 mihi
404 3229 472 3274 non
495 3231 515 3273 a
536 3207 586 3273 dis
608 3207 844 3272 immortalibus
864 3207 995 3290 ereptus
1018 3225 1057 3267 ex

177 3435 224 3508 Ep.
245 3447 286 3506 16,
305 3447 330 3494 2.
368 3439 525 3507 euphemum
548 3437 594 3491 sed
616 3452 700 3504 aeque
722 3435 787 3488 baec
810 3431 885 3499 (W).
922 3446 943 3486 c.
962 3429 1057 3498 Neque

117 3505 160 3562 boe
174 3510 216 3578 M,
233 3511 328 3581 vulgo.
365 3517 390 3563 4.
409 3514 500 3574 morte,
519 3508 550 3562 ia
567 3524 623 3577 qua
642 3505 713 3569 (edd.
733 3503 824 3571 vett).
861 3519 896 3555 m.
911 3506 935 3555 ct
948 3517 1003 3570 qua
1019 3501 1056 3554 M.

118 3593 156 3645 ma
170 3600 199 3638 cc
215 3602 270 3654 qua
288 3581 412 3652 Beugel,
430 3580 461 3634 Β.
961 3580 965 3588 ’

165 3670 269 3715 ciceronis
283 3673 347 3722 epist.
361 3673 374 3711 Ι
811 3664 844 3713 10
