2586 3982
346 251 603 308 EPISTOLARUM
622 252 669 307 ΙΙΙ.
688 257 765 306 3-5.
989 249 1033 315 65

80 398 266 483 gentissime
284 397 328 462 M.
347 396 499 463 Octavius
517 395 575 463 Gn.
592 397 615 462 f.
634 397 867 474 demonstravit
888 419 939 461 me
963 419 983 463 a
999 400 1033 462 te

81 486 209 570 plurimi
230 487 314 568 fieri3
345 487 430 570 quod
457 490 586 572 egomet
612 487 723 550 multis
746 487 945 571 argumentis
967 485 1034 551 iam

81 579 174 640 antea
188 575 364 639 iudicaram
383 576 582 659 maximeque
595 575 651 640 illo
666 576 748 640 libro
763 573 920 660 augurali,
938 595 1034 658 quem

81 664 119 728 ad
146 685 199 728 me
227 665 445 728 amantissime
472 665 627 748 scriptum
659 664 883 728 suavissimum
910 664 1034 728 misisti.

81 751 151 816 Mea
173 753 210 816 in
232 755 265 816 te
283 753 393 816 omnia
411 774 552 816 summae
570 752 816 817 necessitudinis
834 751 941 817 officia
960 773 1034 818 con·
1053 761 1069 812 2

80 841 226 923 stabunt3
253 862 330 905 nam
354 862 452 925 quum
473 841 648 925 teipsum,
675 863 714 906 ex
741 863 804 925 quo
826 845 971 925 tempore
997 844 1035 906 tu

79 951 128 994 me
151 929 286 1015 diligere
315 929 461 1013 coepisti,
488 929 630 1014 quotidie
659 930 761 1014 pluris
782 930 860 1013 feci,
886 934 956 995 tum
983 951 1035 994 ac·

80 1020 246 1082 cesserunt
265 1018 364 1082 etiam
382 1018 624 1084 coniunctiones
637 1019 891 1084 necessariorum
904 1021 1035 1084 tuorum

81 1106 210 1171 -duo
242 1106 330 1171 enim
357 1106 492 1172 duarum
519 1110 662 1172 aetatum
690 1106 821 1191 plurimi
847 1107 945 1192 facio,
977 1105 1034 1173 Cn.

80 1193 279 1280 Pompeium,
301 1194 386 1259 filiae
408 1199 483 1260 tuae
506 1217 664 1279 socerum,
688 1198 721 1260 et
742 1195 785 1260 M.
808 1194 959 1279 Brutum,
982 1217 1035 1281 ge·

81 1304 194 1348 nerum
220 1287 314 1348 tuum
337 1319 379 1330 -
403 1284 592 1370 collegiique
619 1284 817 1370 coniunctio,
847 1285 1036 1369 praesertim

80 1374 146 1436 tam
168 1372 347 1437 honorifice
375 1376 449 1438 ata
473 1375 664 1458 approbata,
691 1395 759 1439 non
786 1373 944 1439 mediocre
966 1374 1035 1438 uin-

81 1463 189 1526 culum
211 1461 293 1524 mihi
315 1460 444 1545 quidem
467 1463 613 1527 attulisse
635 1462 762 1527 ridetur
789 1462 830 1527 ad
852 1464 1036 1529 uoluntates

80 1553 210 1614 nostras
234 1549 439 1634 copulandas.
476 1548 539 1616 Sed
562 1553 603 1635 et,
626 1551 653 1615 si
676 1548 824 1616 Clodium
847 1573 1036 1637 conuenero,

80 1659 118 1702 ex
139 1638 230 1702 illius
254 1659 400 1704 sermone
424 1639 464 1703 ad
487 1642 519 1704 te
543 1640 680 1704 scribam
702 1641 796 1724 plura
818 1643 851 1704 et
873 1640 941 1725 ipse
962 1663 1036 1724 ope·

80 1747 148 1791 ram
173 1726 258 1792 dabo
280 1729 314 1790 te
336 1730 374 1791 ut
396 1729 653 1812 quamprimum
674 1728 809 1793 videam.
846 1727 939 1805 Quod
961 1729 1036 1794 scri·

81 1813 129 1878 bis
152 1815 214 1880 tibi
238 1815 389 1881 manendi
413 1837 543 1882 causam
565 1839 636 1882 eam
658 1817 766 1902 fuisse,
789 1821 826 1882 ut
848 1839 899 1883 me
922 1837 1035 1883 conve·

82 1904 177 1988 uires,
198 1903 234 1968 id
256 1904 346 1989 mihi,
370 1925 411 1968 ne
433 1905 580 1995 mentiar,
603 1908 653 1970 est
674 1909 812 1992 gratum.

537 2101 578 2168 V.

174 2212 232 2269 Ser.
252 2213 395 2269 Trallibus
413 2229 438 2268 a.
458 2213 483 2267 d.
503 2213 550 2269 VI.
569 2213 630 2268 Kal.
651 2213 725 2270 Sext.
746 2231 770 2268 a.
790 2231 816 2268 u.
835 2231 859 2268 c.
880 2219 939 2268 703.

279 2339 321 2393 M.
341 2337 469 2394 CICERO
489 2338 515 2394 S.
534 2339 567 2394 D.
586 2339 641 2394 ΑΡ.
661 2337 837 2394 PULCHRO.

148 2437 274 2503 Tralles
291 2438 367 2503 ueni
385 2461 412 2503 a.
431 2438 460 2503 d.
478 2454 525 2502 VI.
542 2439 614 2504 Kal.
633 2437 718 2504 Sext
751 2437 802 2504 Ibi
815 2439 896 2504 mihi
908 2442 1037 2526 praesto
1057 2452 1072 2504 1

83 2526 144 2592 fuit
166 2526 203 2592 L.
227 2526 370 2592 Lucilius
393 2548 466 2592 cum
487 2527 603 2592 litteris
626 2527 849 2612 mandatisque
871 2529 950 2614 tuis,
973 2549 1037 2613 quo

83 2615 212 2698 quidem
233 2615 399 2681 hominem
421 2617 582 2682 neminem
609 2617 744 2701 potuisti
766 2637 827 2681 nec
853 2616 932 2681 mihi
959 2617 1037 2681 ami·

85 2705 200 2769 ciorem
223 2725 297 2789 nec,
324 2707 362 2768 ut
389 2705 539 2788 arbitror,
568 2704 609 2769 ad
632 2727 670 2770 ea
697 2705 933 2790 cognoscenda,
956 2726 1037 2790 quae

84 2792 161 2857 scire
193 2792 358 2878 volebam,
395 2756 551 2878 aptiorem
587 2793 865 2878 prudentioremve
897 2794 1038 2876 mittere3

85 2883 341 3034 {tedet
346 2884 445 3034 tt
466 2883 591 3036 tt?
618 2881 1038 3037 ttllfflttstttt

86 3057 190 3121 tis-
215 2991 446 3140 scribisgenim,
469 3081 550 3144 quae
574 2992 737 3124 deqnost
696 3060 756 3124 tris
774 3059 888 3125 officiis
912 3080 972 3146 ego
996 3057 1037 3122 ad

85 3146 116 3208 te
151 3147 347 3249 scripserim,
387 3110 448 3212 etsi
481 3147 541 3212 tibi
577 3148 717 3213 iucunda
747 3148 881 3233 fuerint,
918 3153 1038 3232 tamen,

89 3235 237 3316 quoniam
269 3257 309 3300 ex
335 3237 401 3302 alto
429 3237 566 3321 repetita
593 3237 672 3321 sint,
703 3259 771 3303 non
797 3237 978 3302 necessaria
1004 3239 1037 3300 te

153 3391 206 3460 Ep.
225 3398 251 3460 4,
265 3397 289 3447 2.
326 3395 420 3448 amaia
438 3409 556 3450 summae
573 3411 629 3450 ccc.
654 3394 757 3462 (Manu)
803 3410 956 3448 asumma
979 3407 1036 3448 ccc.

89 3435 296 3533 M,vulgo.-
319 3469 480 3519 taoram-
499 3467 594 3520 duo..
607 3471 763 3520 .-taam
782 3466 937 3534 collepiiquc
961 3463 1035 3534 (W.).
1148 3473 1153 3476 “

90 3533 119 3581 4..·
125 3481 233 3587 daeg..
245 3539 305 3600 4,
322 3535 495 3590 44444.,-Β
514 3537 585 3592 dabo
601 3541 627 3591 44
646 3537 720 3604 (W.).
757 3537 823 3602 44,4
811 3535 947 3605 tcvulgo.
984 3533 1035 3606 Ep

92 3605 149 3666 4,,1
186 3575 302 3659 4444444444
309 3607 546 3676 caninem(W)?

140 3690 202 3732 04
216 3694 360 3744 4444444441.
809 3699 824 3746 5
