2658 3986
401 250 660 306 EPISTOLARUM
678 249 738 305 vu.
757 255 781 306 e.
801 257 827 308 e.
1025 247 1091 316 201

582 500 639 568 VI.

313 611 371 669 Sur.
390 613 496 668 Romae
514 630 609 669 mense
627 613 702 668 Maio
722 630 746 667 a.
765 631 792 668 u.
812 630 834 669 a.
856 617 914 668 700.

393 736 521 794 CICERO
541 737 568 792 S.
586 737 620 792 D.
639 736 831 794 TREBATIO.

201 836 244 902 Iu
271 837 421 904 omnibus
453 838 534 903 meis
561 838 718 924 epistolis,
750 859 830 923 quas
859 837 900 902 ad
923 833 1127 908 Oeemrems
1235 827 1237 830 ⁵

135 931 194 992 aut
211 927 253 991 ad
267 925 407 992 Badbum
424 927 530 1012 mitto,
545 927 691 1013 leg'tima
708 928 867 1012 quaedem
885 930 934 993 est
952 926 1093 993 accessio

135 1015 428 1082 commendationis
458 1020 547 1101 tuae,
582 1038 643 1081 neo
674 1038 712 1082 ea
743 1016 902 1102 vidgerii,
933 1016 990 1082 sed
1021 1037 1095 1080 eum

136 1105 246 1190 aliquo
268 1104 392 1190 insigni
418 1104 537 1171 indicio
565 1126 654 1170 meae
682 1125 761 1190 arga
785 1108 819 1169 te
840 1105 1094 1170 benevolentius.

137 1193 188 1258 'Po
211 1193 308 1260 modo
330 1194 470 1278 ineptias
493 1195 572 1259 istas
595 1196 629 1258 et
650 1193 807 1259 desiderio
833 1193 924 1258 urbis
946 1196 980 1258 et
1000 1193 1094 1258 urba

139 1283 252 1348 nitatis
274 1282 399 1367 depono
418 1286 459 1367 et,
482 1304 545 1367 quo
564 1282 700 1348 consilio
717 1282 883 1368 proiectus
900 1301 945 1366 ss,
964 1281 999 1347 id
1017 1281 1095 1347 assi·

137 1371 261 1436 duitote
284 1375 318 1437 et
339 1371 458 1437 virtute
476 1393 683 1456 consequere:
705 1371 769 1438 hoc
785 1372 846 1437 tibi
863 1375 933 1436 tem
949 1371 1095 1458 ignosce·

137 1482 211 1525 mus
233 1481 296 1526 nos
318 1460 422 1545 amici,
444 1482 542 1545 quam
563 1461 762 1547 ignoverunt
781 1459 923 1546 Medeae,
1144 1471 1153 1490 ⁶

184 1605 266 1670 quae
285 1582 477 1650 Corinthum
500 1607 606 1652 arcem
629 1587 728 1652 altam
745 1585 911 1652 habebant
928 1587 1096 1650 matronae

513 1675 695 1762 opulentae,
717 1675 901 1762 optimates,

139 1797 258 1880 quibus
276 1797 334 1865 illa
355 1796 506 1864 manibus
524 1799 762 1884 gypsatissimis
779 1798 948 1884 persuasit,
969 1819 1012 1864 ne
1035 1796 1097 1864 sibi

138 1885 221 1952 vitio
242 1885 318 1952 illae
339 1890 512 1972 verterent,
533 1888 620 1972 quod
643 1888 771 1956 abesset
793 1909 813 1952 a
834 1887 954 1972 patn‘a3
975 1907 1054 1954 nam

166 2011 280 2076 'multi
303 2032 395 2076 suam
417 2033 486 2076 rem
508 2012 592 2076 bene
610 2031 738 2096 gessere
760 2015 794 2076 et
811 2011 975 2096 publicam
992 2009 1099 2095 patrie

185 2187 289 2273 multi,
311 2189 368 2272 qui
390 2188 477 2254 domi
500 2101 640 2253 appppplllp
662 2190 806 2274 agerent,
827 2190 999 2274 propterea
1022 2188 1099 2251 sunt

193 2279 196 2284 '
513 2277 701 2362 improbati;

141 2420 206 2484 quo
229 2399 265 2463 in
287 2421 423 2466 numero
446 2403 483 2467 tu
506 2405 591 2467 certe
613 2401 745 2486 fuisses,
771 2400 836 2466 nisi
857 2403 889 2465 te
913 2398 1134 2474 extrusisses

140 2509 224 2553 mus.
270 2485 333 2554 Sed
354 2491 449 2574 plura
476 2490 651 2555 scribemus
678 2490 767 2556 elias.
812 2489 875 2574 Tu,
903 2489 958 2574 qui
985 2487 1099 2554 ceteris

142 2597 254 2642 cavere
278 2576 425 2662 didicisti,
447 2578 484 2644 in
505 2577 676 2646 Britannia
697 2601 739 2646 ne
762 2579 803 2646 ab
826 2577 993 2658 essedariis
1016 2577 1099 2643 deoi-

141 2665 242 2750 piaris
261 2669 373 2735 caveto
392 2669 435 2752 et,
452 2668 605 2754 quonism
622 2665 770 2736 Medeam
788 2668 880 2756 coepi
897 2687 1002 2754 agere,
1019 2665 1100 2732 illud

142 2774 270 2840 semper
291 2758 467 2824 memento:

187 2879 244 2962 qui
265 2879 335 2962 ipse
358 2879 421 2945 sibi
443 2881 572 2964 sapiens
593 2879 746 2981 prodesse
767 2899 837 2946 non
858 2879 942 2965 quit,
967 2877 1100 2964 nequid-

142 3053 239 3140 Oura,
260 3060 298 3122 ut
320 3057 438 3122 valeas.
499 2989 614 3157 'quam
636 2971 730 3053 sapm

214 3283 315 3354 apo,
337 3291 359 3338 1.
396 3283 531 3340 habebant
548 3289 689 3340 matronae
714 3283 789 3353 (Ἦ).
837 3282 878 3350 it,
894 3297 929 3338 m.
952 3279 1046 3351 vulgo.
1065 3309 1100 3322 -
1127 3251 1135 3264 ¹

143 3355 331 3496 ffl'ffld
349 3355 423 3412 doma·
450 3355 535 3426 (W.)?
585 3360 609 3411 2.
636 3355 820 3426 nequidquam
843 3353 959 3424 (vulgo).
1008 3352 1101 3424 amai·
