2634 3988
434 195 693 253 EPISTOLARUM
712 198 745 255 X.
765 203 807 252 23.
1034 197 1097 260 327

140 362 245 425 aequo
269 343 376 406 animo
406 362 563 406 summam
589 363 658 406 rem
686 342 849 426 publicam
871 341 906 406 in
929 341 1101 408 discrimen

142 430 385 514 deduceremus3
417 430 582 514 aliquanto
616 433 723 494 autem
752 430 884 515 propius
917 451 985 494 erse
1013 430 1099 514 quod

142 517 314 584 Caesarem
336 516 532 603 videbamus,
554 518 636 582 nihil
660 518 769 588 destiti
792 541 864 584 eum
886 517 1003 583 litteris
1025 517 1100 584 hor·

141 607 220 689 tari,
247 628 350 692 neque
378 606 432 671 ille
459 607 633 672 intermisit
661 607 822 672 affirmare
852 627 886 672 se
914 607 983 672 sine
1010 628 1101 672 mora

142 695 267 779 uenire,
294 717 393 781 quum
420 695 549 760 interim
579 717 726 762 aversum
748 696 840 760 illum
867 694 992 760 abhas
1015 695 1100 780 cogi-

142 784 268 848 tatione
295 784 336 848 ad
364 783 428 848 alia
456 783 590 862 consilia
618 784 710 850 video
738 807 772 849 se
800 784 983 851 contulisse.
1027 783 1100 868 Ego

83 925 88 932 .
140 877 255 936 tamen
286 872 327 936 ad
360 894 433 938 eum
464 871 621 938 Furnium
657 876 804 939 nostrum
836 895 909 938 cum
940 873 1100 938 mandatis

139 961 322 1044 litterisque
346 960 428 1047 misi,
451 961 478 1026 si
501 960 578 1045 quid
600 960 684 1027 forte
706 962 861 1045 prolicere
879 965 998 1045 posset.
1033 959 1101 1026 Scis
1120 978 1136 1026 5

139 1053 195 1132 tu,
222 1048 266 1114 mi
294 1047 418 1133 Cicero,
451 1051 536 1134 quod
564 1050 604 1114 ad
628 1047 774 1115 Caesaris
806 1071 948 1114 amorem
976 1050 1102 1134 attinet,

141 1137 331 1203 societatem
354 1135 434 1202 mihi
461 1159 530 1204 esse
554 1142 675 1224 tecum,
697 1140 749 1204 rel
772 1139 857 1222 quod
879 1139 915 1202 in
936 1137 1101 1202 familiari·

140 1228 213 1290 tate
240 1221 385 1292 Caesaris
417 1226 490 1294 vivo
518 1226 574 1292 illo
601 1227 667 1292 iam
697 1227 781 1291 tueri
809 1248 882 1291 eum
909 1229 942 1290 et
969 1226 1102 1311 diligere

141 1313 208 1378 fuit
230 1315 310 1379 mihi
331 1336 475 1400 necesse,
501 1317 553 1381 rel
575 1316 662 1400 quod
684 1315 766 1400 ip'se,
793 1314 899 1400 quoad
922 1335 982 1400 ego
1006 1336 1102 1380 nosse

141 1403 246 1487 potui,
268 1403 516 1469 moderatissimi
539 1407 635 1489 atque
653 1404 878 1470 humanissimi
899 1403 964 1468 fuit
981 1425 1103 1488 sensus,

143 1491 197 1555 vel
220 1492 305 1576 quod
332 1514 372 1556 ex
399 1496 467 1558 tam
493 1493 614 1579 insigni
638 1493 779 1558 amicitia
806 1515 878 1558 mea
905 1496 1001 1577 atque
1025 1490 1102 1557 an-

145 1580 226 1644 saris
248 1579 336 1645 hunc
358 1579 417 1645 filii
438 1581 510 1648 loco
534 1586 567 1646 et
588 1583 674 1647 illius
698 1586 731 1647 et
753 1585 859 1648 vestro
887 1581 1005 1647 iudicio
1029 1582 1102 1646 sub-

145 1668 295 1732 stitutum
324 1690 392 1734 non
422 1670 558 1753 proinde
589 1671 708 1736 habere
739 1674 834 1755 turpe
861 1670 941 1735 mihi
968 1670 1103 1736 videtur.

146 1753 209 1821 Sed
223 1793 267 1803 -
281 1756 435 1841 quidquid
456 1758 519 1823 tibi
537 1759 651 1843 scribo,
673 1759 820 1824 dolenter
837 1758 1018 1824 mehercule
1036 1781 1103 1824 ma·
1121 1774 1138 1822 o

147 1845 197 1930 gis
221 1867 318 1930 quam
339 1847 468 1911 inimice
491 1846 576 1912 facio
591 1883 632 1894 -
648 1847 734 1931 quod
757 1847 837 1913 vivit
859 1846 1023 1912 Antonius
1045 1847 1102 1912 ho-

146 1934 210 2016 die,
233 1933 319 2020 quod
341 1932 482 2018 Lepidus
505 1956 571 2000 una
593 1939 655 2020 est,
683 1936 769 2019 quod
796 1936 953 2000 exereitus
981 1935 1104 1999 habent

146 2043 214 2086 non
246 2023 511 2108 contemnendos,
548 2024 634 2107 quod
671 2027 815 2108 sperant,
852 2023 937 2108 quod
974 2023 1103 2107 audent,

146 2132 242 2175 omne
274 2107 403 2176 Caesari
435 2116 602 2196 acceptum
637 2111 757 2177 referre
791 2115 936 2197 possunt.
989 2109 1103 2196 Neque

145 2219 207 2284 ego
240 2200 404 2284 superiora
431 2203 589 2284 repetam3
621 2200 690 2284 sed,
722 2222 761 2264 ex
788 2221 826 2265 co
853 2203 1011 2283 tempore,
1039 2221 1102 2282 quo

144 2288 215 2371 ipse
232 2287 313 2352 mihi
331 2288 495 2372 professus
514 2292 564 2354 est
582 2310 615 2353 se
634 2289 753 2373 venire,
767 2289 795 2354 si
812 2288 922 2354 venire
940 2288 1104 2374 voluisset,

144 2379 203 2440 aut
226 2398 415 2461 oppressum
436 2377 502 2442 iam
524 2378 645 2443 bellum
667 2381 752 2444 esset
775 2381 831 2442 aut
857 2377 893 2442 in
920 2377 1103 2442 adversissi-

144 2465 319 2531 mamillis
347 2464 540 2550 Hispaniam
568 2488 640 2532 cum
668 2466 862 2532 detrimento
894 2488 1006 2532 eorum
1036 2487 1103 2532 ma·

143 2553 232 2618 ximo
255 2557 428 2618 extrusum.
466 2553 553 2630 Quae
577 2577 667 2620 mens
691 2578 773 2640 eum,
796 2559 854 2620 aut
871 2577 1008 2639 quorum
1029 2576 1103 2620 con-

144 2641 231 2724 silia,
257 2645 393 2707 etanta
416 2643 533 2728 gloria,
555 2644 618 2708 sibi
644 2665 720 2710 vero
744 2644 841 2708 etiam
863 2643 1044 2709 necessaria
1066 2649 1104 2708 ao

146 2730 295 2812 salutari,
331 2731 474 2796 avocarit
509 2735 543 2797 et
576 2733 617 2796 ad
649 2732 880 2818 cogitationem
916 2733 1103 2798 consulatus

145 2818 307 2884 bimestris
331 2840 455 2886 summo
479 2841 552 2885 cum
579 2823 701 2884 terrore
728 2819 897 2884 hominum
925 2823 959 2884 et
980 2820 1104 2886 insulsa

146 2927 220 2972 cum
247 2905 481 2992 efflagitatione
510 2907 726 2991 transtulerit,
755 2911 907 2992 exputare
934 2930 1002 2974 non
1029 2931 1102 2994 pos-

146 3016 226 3060 sum
271 2993 411 3060 Multum
437 2997 473 3063 in
498 2996 560 3062 hac
586 3018 622 3061 re
649 2995 729 3061 mihi
755 2995 905 3061 videntur
931 2997 1138 3062 necessariis

146 3083 214 3148 eius
238 3087 270 3166 et
292 3085 339 3148 rei
361 3085 509 3169 publicae
532 3088 565 3150 et
583 3085 688 3170 ¹ipsius
712 3105 809 3150 causa
826 3085 981 3169 proficere
999 3106 1104 3170 posse,

145 3171 329 3256 plurimum,
351 3177 388 3237 ut
410 3178 499 3258 pute,
521 3177 557 3238 tu
581 3173 830 3258 quoque,cuius
853 3174 907 3237 ille
928 3177 1021 3238 tanta
1038 3194 1102 3238 me-

145 3260 209 3324 rita
222 3259 330 3345 habet,
344 3266 466 3345 quanta
479 3285 574 3328 nemo
589 3265 717 3347 praeter
735 3284 800 3346 me3
821 3283 998 3344 numquam
1017 3261 1103 3325 enim

216 3469 267 3540 Ep.
288 3476 330 3538 24,
347 3474 370 3526 6.
408 3472 522 3540 audent,
541 3472 572 3526 id
589 3487 665 3527 omne
684 3471 798 3540 (Orat.)?
823 3501 859 3510 -
886 3470 1104 3526 medaeamque

146 3539 250 3610 (Crat).
287 3559 329 3597 au.
349 3541 415 3610 ΜΒ.
436 3573 468 3581 -
488 3543 628 3598 daruswm
647 3541 722 3610 (N‚)?
758 3546 879 3598 ctrusum
896 3539 934 3595 M.
