2568 3980
357 257 617 314 EPISTOLARUM
634 259 668 314 v.
687 265 728 314 12.
956 258 1020 323 137

59 403 212 468 materiae
236 402 337 488 digna
357 402 512 468 faeultate
540 405 573 467 et
599 403 694 486 eopia
719 405 790 486 tua3
819 403 1056 490 aprinoipiot

61 492 148 556 enim
162 491 395 556 ooniurationie
409 511 511 574 neque
525 491 566 555 ad
579 491 719 556 reditum
733 493 882 556 nostrum
894 491 1021 557 videtur

60 579 141 644 mihi
173 579 336 646 modicum
367 578 529 663 quoddam
557 599 673 662 eorpus
701 579 815 644 eonfiei
846 600 955 664 posse,
984 581 1021 646 in

60 689 125 752 qno
158 671 193 732 et
226 669 286 732 ilia
318 667 440 752 poteris
470 668 520 732 uti
555 667 697 732 civilium
733 667 1021 733 commutationum

62 756 201 820 seientia
225 756 278 824 rel
307 756 343 819 in
370 755 566 840 explieandie
596 756 701 820 causis
727 775 835 820 rerum
863 775 1023 822 nouarum

61 845 115 909 vel
134 845 173 908 in
194 843 343 908 remediis
366 843 653 928 incommodorum,
676 864 774 928 quum
797 847 830 908 et
851 844 1021 929 reprehen-

62 933 119 998 dea
142 953 192 1017 ea,
214 953 296 1016 quae
315 932 528 1018 vituperanda
547 932 653 1015 duces,
675 936 716 1018 et,
738 953 820 1016 quae
838 933 1023 1019 placebunt,

62 1021 262 1106 exponendis
289 1021 470 1086 rationibus
497 1019 736 1106 oamprobabiq
758 1024 804 1104 et,
832 1022 860 1086 ei
880 1021 1023 1107 liberius,

61 1113 103 1174 at
123 1108 301 1192 mnaueuti,
333 1109 495 1194 agendum
521 1109 665 1194 putabis,
696 1109 871 1174 multorum
897 1109 934 1173 in·
960 1131 1022 1176 noe

60 1197 246 1283 perfidiam,
276 1197 424 1281 insidiae,
453 1197 671 1282 proditionem
697 1195 835 1262 notabis.
884 1195 1023 1262 Multam

61 1286 165 1350 etiarn
196 1305 289 1350 carue
320 1286 425 1350 nostri
459 1286 650 1350 varietatem
686 1285 747 1349 tibi
781 1285 817 1349 in
854 1285 1022 1352 scribendo

61 1373 1023 1548 tuttdmmtssttuuttttuttortt

61 1550 205 1615 retinere
227 1551 342 1634 poseit3
364 1551 447 1615 nihil
470 1553 519 1616 eet
541 1551 627 1614 enim
651 1551 757 1635 aptius
780 1550 821 1614 ad
840 1550 1023 1616 delectatio-
1133 1547 1135 1552 ’

63 1659 142 1703 nem
160 1639 290 1704 lectoria
309 1659 406 1722 quam
419 1642 602 1723 temporum
620 1639 791 1704 varietates
809 1638 1023 1725 fortunaeque

65 1727 316 1795 vicissitudines:
348 1747 430 1811 quae
462 1727 523 1792 etei
553 1727 649 1792 nobis
681 1727 840 1811 optabiles
868 1728 904 1792 in
931 1749 1023 1813 expe·

64 1815 181 1880 fiendo
202 1835 272 1880 non
292 1815 433 1899 fuerunt,
454 1815 490 1879 in
511 1816 649 1901 legendo
667 1817 778 1880 tamen
796 1819 892 1880 erunt
912 1816 1023 1881 iucun-

66 1905 141 1988 dae,
163 1903 264 1967 habet
286 1904 372 1968 enim
391 1905 557 1988 praeteriti
575 1903 696 1968 doloris
714 1925 826 1968 eeoura
844 1905 1023 1970 recordatio

67 1991 328 2076 delectationem
350 1993 464 2057 oeterie
486 2012 563 2056 vero
585 1993 676 2056 nulla
694 1993 871 2076 perfunctis
892 1994 1060 2078 propriae

68 2080 230 2164 molentia,
257 2101 350 2146 oaeus
378 2084 486 2144 autem
512 2080 635 2146 alienae
659 2080 728 2144 sine
750 2081 817 2145 ullo
845 2080 954 2145 dolore
976 2081 1025 2145 in·

69 2169 235 2233 tuentibus
250 2168 348 2233 etiam
360 2169 433 2253 ipsa
445 2169 663 2234 misericordia
676 2172 727 2232 eet
738 2167 887 2232 ineunda.
924 2167 1026 2244 Quem

71 2257 157 2320 enim
178 2259 327 2322 nostrum
352 2257 407 2321 ille
433 2255 688 2340 morienaapud
714 2255 915 2321 Mantineam
940 2256 1025 2341 Epa·

71 2345 241 2410 minondas
268 2364 336 2409 non
362 2353 436 2409 e'um
462 2345 602 2428 quadam
628 2345 834 2410 miseratione
866 2343 1025 2410 delectat?

74 2433 127 2516 qui
146 2437 218 2498 tum
241 2433 379 2516 denique
402 2432 464 2497 ribi
487 2433 580 2498 evelli
602 2433 692 2497 iubet
710 2434 877 2518 apiculum,
899 2437 1026 2519 postea·

75 2543 168 2604 quam
194 2522 224 2586 ei
253 2521 457 2605 percontanti
484 2521 605 2587 dietum
632 2523 682 2586 eet
708 2522 847 2606 elipeum
873 2543 942 2587 esee
965 2523 1026 2588 sal·

75 2629 156 2692 vum,
175 2613 216 2674 ut
237 2609 336 2674 etiam
357 2609 393 2674 in
410 2610 552 2674 vulneris
575 2609 687 2674 dolore
703 2631 807 2694 aequo
826 2611 933 2676 animo
953 2623 1026 2676 oum

76 2697 166 2762 laude
191 2700 379 2763 moreretur.
424 2695 523 2762 Ouiae
555 2697 697 2762 etodium
727 2699 763 2762 in
793 2699 931 2783 legendo
958 2721 1027 2765 non

79 2789 214 2850 ereetum
244 2783 492 2866 †Themietoeli
526 2785 607 2872 fuga
642 2785 810 2870 redituque
844 2787 1028 2852 retinetur?

80 2875 191 2939 etenim
214 2873 293 2940 ordo
316 2873 385 2959 ipso
409 2873 576 2938 annalium
602 2871 806 2939 mediocriter
826 2896 887 2940 noe
909 2876 1029 2940 retinet

82 2964 165 3043 quasi
190 2963 434 3028 enumeratione
465 2962 638 3028 festorum:
666 2965 700 3026 at
721 2963 782 3028 viri
805 2983 899 3048 saepe
926 2964 1027 3029 exeol-

82 3048 169 3116 lentir
191 3051 348 3136 anoipitee
370 3050 514 3134 variique
532 3071 626 3115 ouans
643 3050 766 3115 habent
783 3051 1030 3116 admirationem

146 3240 195 3312 Ep.
219 3247 266 3310 12,
284 3247 309 3296 4.
356 3241 465 3312 leucado
489 3245 538 3296 tuo
559 3239 661 3310 scripto
682 3241 797 3298 retinere
819 3241 896 3312 (Oa).
947 3241 1030 3310 leyen

86 3308 140 3389 date
155 3313 253 3382 scripto
269 3317 318 3367 ret.
337 3312 374 3367 M.
411 3312 522 3380 leymdo
540 3311 736 3382 [descriptore]
754 3317 802 3367 ret.
820 3311 844 3366 B
863 3309 914 3378 (rio
927 3309 1027 3366 Graev.

87 3395 141 3434 eme
160 3383 254 3453 uncie).
279 3412 313 3424 —
336 3383 553 3448 detodote'ouem
580 3384 673 3437 oetam
695 3383 771 3452 (W.).
819 3382 1028 3438 meduanae.

89 3446 137 3503 Od.
157 3453 246 3524 vulgo.
293 3459 317 3508 5.
346 3458 461 3508 ormnem
478 3452 676 3518 mammerti
695 3453 766 3523 (ayo
789 3453 930 3521 redituque
952 3451 1029 3523 (W.).

88 3533 123 3571 α.
141 3521 184 3578 m.
201 3525 222 3592 f.
239 3525 407 3594 memque
424 3523 554 3594 (Fertur.)
573 3525 624 3578 aot
640 3539 676 3577 err
699 3523 748 3576 m.
771 3523 868 3576 exalto
885 3526 936 3576 aut
952 3523 1028 3580 Alei·

90 3589 170 3647 biddu
186 3595 251 3660 droa
269 3595 411 3661 rediretque
430 3593 524 3662 (Sohd.
560 3609 598 3648 er.
619 3593 669 3646 Ti».
690 3594 708 3646 f.
728 3593 783 3646 red.
803 3591 867 3646 ΜΒ.
