2636 3986
261 217 328 282 476
544 219 582 272 Μ.
601 218 726 274 TULLII
744 217 937 273 CICERONIS

261 362 390 446 senens,
414 362 443 427 si
465 362 600 446 serenis,
625 365 663 426 ut
683 362 712 426 is
734 362 897 446 intelliget
921 383 973 426 me
996 385 1016 426 a
1036 370 1070 428 te
1094 365 1237 430 tantum

263 451 376 532 amari,
398 454 556 534 quantum
577 451 646 534 ipse
667 450 831 516 existimo:
854 449 917 516 hoe
933 451 1014 515 mihi
1032 451 1165 536 gratius
1185 454 1238 518 fa-

263 559 335 606 eere
352 538 435 604 nihil
452 544 555 624 potes,
576 538 672 622 idque
689 541 727 602 ut
742 539 843 604 feeies
859 541 893 604 te
909 539 1118 605 vehemenier
1135 561 1237 628 rogo.

676 731 804 799 LXXV.

540 841 598 899 Ser.
618 843 723 899 Romae
742 861 767 900 e.
785 863 813 899 u.
832 861 855 900 e.
875 850 935 900 701.

408 966 447 1022 Μ.
467 966 598 1024 CICERO
618 967 650 1022 T.
670 965 770 1023 TITIO
789 967 821 1022 T.
840 967 871 1022 T.
890 967 970 1024 Lm.
990 969 1017 1024 S.
1036 967 1070 1024 1).

229 1079 243 1130 1
328 1065 402 1132 nesi
419 1089 486 1133 non
505 1067 626 1152 dubito,
645 1067 723 1161 qpin
740 1066 825 1151 epud
843 1071 876 1132 te
894 1089 967 1132 mea
984 1069 1231 1136 commendefio

262 1155 368 1241 prime
391 1157 469 1221 setis
492 1156 606 1239 veleei,
628 1159 739 1220 tamen
760 1156 920 1240 obsequor
940 1155 1065 1222 homini
1082 1157 1228 1223 familia-

261 1245 399 1328 rissime,
417 1243 451 1309 0.
469 1243 608 1308 Avianio
627 1242 750 1327 Fleeeo,
769 1244 858 1308 euius
877 1265 974 1310 eausa
992 1245 1102 1309 omnia
1121 1268 1227 1330 quum

173 1409 177 1414 Ι
263 1333 366 1417 cupio,
387 1337 458 1396 tum
479 1333 660 1397 mehercule
683 1333 780 1396 eiiam
798 1333 913 1398 debeo:
936 1332 975 1396 de
994 1355 1058 1417 quo
1077 1337 1111 1397 et
1129 1355 1225 1418 pree

263 1441 337 1485 sens
358 1423 465 1484 tecum
488 1421 540 1505 egi
562 1420 745 1505 dihgenter,
773 1443 871 1506 quum
893 1424 930 1485 iu
952 1421 1032 1486 mihi
1054 1422 1226 1488 humanis-

263 1508 342 1572 sime
368 1508 575 1592 respondisti,
606 1511 640 1572 et
666 1509 780 1592 scripsi
811 1509 853 1573 ed
878 1512 911 1574 te
939 1513 1086 1575 accurate
1114 1515 1225 1595 antee,

263 1596 319 1660 sed
340 1598 434 1679 putet
455 1596 610 1660 interesse
633 1617 693 1660 sua
713 1618 765 1660 me
788 1597 829 1661 ed
850 1600 883 1662 te
911 1618 1008 1682 quam
1030 1599 1224 1682 saepissime

262 1684 412 1768 seribere3
441 1705 538 1768 quare
565 1684 662 1749 velim
688 1683 768 1749 mihi
794 1685 957 1770 ignosces,
990 1686 1018 1751 si
1044 1687 1132 1752 illius
1165 1709 1222 1752 vo-

260 1772 379 1837 luntati
401 1771 626 1858 obtemperans
653 1773 760 1838 minus
786 1774 919 1838 videbor
935 1773 1121 1840 meminisse
1143 1797 1220 1841 eon-

224 1879 242 1930 s
261 1861 400 1926 stantiae
422 1865 512 1927 tuse:
541 1865 614 1926 ete
637 1861 722 1926 idem
744 1862 824 1926 illud
845 1865 934 1946 peto,
960 1866 998 1926 ui
1018 1867 1053 1927 et
1075 1863 1115 1927 de
1137 1863 1220 1946 loeo,

261 1971 324 2033 quo
357 1949 503 2034 deportet
532 1950 742 2032 frumentum,
774 1953 807 2013 et
834 1950 872 2014 de
903 1954 1048 2034 tempore
1075 1949 1221 2017 Avianio

260 2037 456 2122 commodes,
483 2060 619 2123 quorum
644 2040 815 2122 utrumqne
841 2059 899 2122 per
921 2038 1058 2102 eundem
1086 2061 1139 2104 me
1162 2043 1219 2105 ob·

259 2127 359 2192 tinuit
379 2126 568 2210 niomium,
596 2126 672 2191 dum
694 2125 867 2210 Pompeius
889 2126 944 2190 isti
970 2127 1103 2210 negotio
1126 2149 1219 2211 pree-

259 2214 329 2280 suit.
375 2213 507 2280 Summe
529 2218 591 2300 est,
617 2214 653 2280 in
676 2235 739 2300 quo
762 2213 843 2278 mihi
865 2214 1085 2299 gratissimum
1111 2215 1220 2280 faeere

258 2303 379 2388 possis,
407 2303 434 2367 si
457 2304 591 2386 cureris,
618 2305 655 2367 ui
681 2301 851 2386 Avianius,
880 2302 1032 2387 quoniam
1061 2324 1095 2367 se
1124 2324 1220 2368 eme

259 2391 362 2455 amari
382 2394 485 2476 putat,
507 2412 558 2456 me
583 2413 602 2454 e
619 2394 652 2454 te
671 2390 772 2454 ameni
795 2390 889 2455 sciet:
913 2390 974 2454 erit
995 2390 1028 2454 id
1047 2391 1128 2455 mihi
1146 2414 1218 2476 per·

256 2482 396 2566 gresune
928 2521 930 2525 -

662 2668 807 2736 LXXVI.

593 2780 651 2838 Ser.
671 2799 744 2838 enno
763 2782 877 2838 incerto.

309 2903 347 2962 Μ.
366 2904 497 2963 CICERO
518 2907 586 2962 ·IIII·
605 2905 703 2962 VIRIS
722 2905 770 2961 ET
790 2901 1062 2964 DEOURIONIBUS
1081 2899 1109 2963 S.
1128 2907 1161 2962 D.

222 3024 236 3073 1
323 3004 447 3070 Tantae
474 3006 555 3071 mihi
581 3028 654 3070 eum
683 3005 719 3082 Q.
746 3004 868 3090 Hippio
897 3027 1012 3071 causae
1039 3007 1217 3072 necessitu-

256 3092 341 3158 dinis
364 3097 453 3177 sunt,
479 3097 517 3159 ut
542 3093 625 3158 nihil
650 3094 755 3178 pessit
782 3117 851 3160 esse
874 3093 1089 3180 coniuneeus,
1114 3119 1217 3180 quem

255 3203 317 3246 nos
335 3183 420 3246 inter
437 3204 498 3248 nos
517 3203 641 3264 sumus3
662 3183 747 3267 quod
764 3183 828 3248 nisi
845 3184 893 3247 ita
906 3185 999 3267 esset,
1016 3187 1125 3249 uierer
1142 3207 1216 3249 mea

255 3271 495 3353 consuetudine,
517 3272 555 3333 ui
576 3269 669 3333 vobis
691 3271 781 3334 nulla
802 3272 838 3336 in
860 3292 894 3335 re
916 3271 1072 3337 molestus
1096 3294 1216 3357 essem;

327 3476 378 3598 Εἰ.
395 3482 436 3542 ⁷5,
451 3482 475 3530 2.
503 3481 581 3530 tuae:
600 3493 618 3530 a
635 3481 661 3530 te
679 3477 754 3547 (Μ).
790 3483 810 3533 t.
836 3479 865 3534 A
882 3484 908 3533 te
925 3479 1019 3548 vulgo.
1039 3509 1073 3521 -·
1093 3487 1125 3536 ut
1142 3483 1216 3536 etde
1294 3513 1295 3518 κ

254 3543 340 3612 loce(
366 3549 392 3612 .).
428 3550 460 3599 ut
478 3547 510 3600 de
528 3547 545 3600 Ζ.
564 3545 602 3599 Μ.
620 3547 715 3616 vulgo.
