<?xml version="1.0" encoding="UTF-8"?>
<!DOCTYPE html PUBLIC "-//W3C//DTD XHTML 1.0 Transitional//EN"
    "http://www.w3.org/TR/xhtml1/DTD/xhtml1-transitional.dtd">
<html xmlns="http://www.w3.org/1999/xhtml" xml:lang="en" lang="en">
 <head>
  <title>
</title>
<meta http-equiv="Content-Type" content="text/html;charset=utf-8" />
  <meta name='ocr-system' content='tesseract 3.04.00' />
  <meta name='ocr-capabilities' content='ocr_page ocr_carea ocr_par ocr_line ocrx_word'/>
</head>
<body>
  <div class='ocr_page' id='page_1' title='image "./epistolae00wesegoog_0654.png"; bbox 0 0 2578 3982; ppageno 0'>
   <div class='ocr_carea' id='block_1_1' title="bbox 242 220 1260 302">
    <p class='ocr_par' dir='ltr' id='par_1_1' title="bbox 242 220 1260 302">
     <span class='ocr_line' id='line_1_1' title="bbox 242 220 1260 302; baseline -0.006 -9"><span class='ocrx_word' id='word_1_1' title='bbox 242 234 309 302; x_wconf 73' lang='lat' dir='ltr'><strong>eeu</strong></span> <span class='ocrx_word' id='word_1_2' title='bbox 525 235 563 290; x_wconf 81' lang='lat' dir='ltr'><strong>u</strong></span> <span class='ocrx_word' id='word_1_3' title='bbox 582 233 706 290; x_wconf 80' lang='lat' dir='ltr'><strong>uuum</strong></span> <span class='ocrx_word' id='word_1_4' title='bbox 724 232 915 290; x_wconf 74' lang='lat' dir='ltr'><strong>cressonis</strong></span> <span class='ocrx_word' id='word_1_5' title='bbox 1259 220 1260 302; x_wconf 73' lang='lat' dir='ltr'><strong>l</strong></span> 
     </span>
    </p>
   </div>
   <div class='ocr_carea' id='block_1_2' title="bbox 242 377 1213 464">
    <p class='ocr_par' dir='ltr' id='par_1_2' title="bbox 242 377 1213 464">
     <span class='ocr_line' id='line_1_2' title="bbox 242 377 1213 464; baseline -0.001 -19"><span class='ocrx_word' id='word_1_6' title='bbox 242 380 411 464; x_wconf 74' lang='lat' dir='ltr'><strong>mancipiis</strong></span> <span class='ocrx_word' id='word_1_7' title='bbox 438 379 525 463; x_wconf 89' lang='lat' dir='ltr'><strong>qnod</strong></span> <span class='ocrx_word' id='word_1_8' title='bbox 550 379 632 444; x_wconf 89' lang='lat' dir='ltr'><strong>mihi</strong></span> <span class='ocrx_word' id='word_1_9' title='bbox 660 378 834 462; x_wconf 83' lang='lat' dir='ltr'><strong>polliceris,</strong></span> <span class='ocrx_word' id='word_1_10' title='bbox 865 377 958 444; x_wconf 82' lang='lat' dir='ltr'><strong>valde</strong></span> <span class='ocrx_word' id='word_1_11' title='bbox 984 380 1018 442; x_wconf 89' lang='lat' dir='ltr'><strong>te</strong></span> <span class='ocrx_word' id='word_1_12' title='bbox 1051 398 1147 459; x_wconf 87' lang='lat' dir='ltr'><strong>amo,</strong></span> <span class='ocrx_word' id='word_1_13' title='bbox 1180 382 1213 444; x_wconf 87' lang='lat' dir='ltr'><strong>et</strong></span> 
     </span>
    </p>
   </div>
   <div class='ocr_carea' id='block_1_3' title="bbox 214 463 1266 2576">
    <p class='ocr_par' dir='ltr' id='par_1_3' title="bbox 214 463 1266 2576">
     <span class='ocr_line' id='line_1_3' title="bbox 242 463 1261 570; baseline -0.002 -36"><span class='ocrx_word' id='word_1_14' title='bbox 242 490 314 534; x_wconf 87' lang='lat' dir='ltr'><strong>sum</strong></span> <span class='ocrx_word' id='word_1_15' title='bbox 336 468 497 552; x_wconf 89' lang='lat' dir='ltr'><strong>equidem,</strong></span> <span class='ocrx_word' id='word_1_16' title='bbox 523 467 573 532; x_wconf 88' lang='lat' dir='ltr'><strong>uti</strong></span> <span class='ocrx_word' id='word_1_17' title='bbox 594 467 722 548; x_wconf 88' lang='lat' dir='ltr'><strong>scribis,</strong></span> <span class='ocrx_word' id='word_1_18' title='bbox 744 473 777 531; x_wconf 87' lang='lat' dir='ltr'><strong>et</strong></span> <span class='ocrx_word' id='word_1_19' title='bbox 798 463 922 531; x_wconf 74' lang='lat' dir='ltr'><strong>Rerum</strong></span> <span class='ocrx_word' id='word_1_20' title='bbox 944 468 978 530; x_wconf 84' lang='lat' dir='ltr'><strong>et</strong></span> <span class='ocrx_word' id='word_1_21' title='bbox 1000 465 1037 530; x_wconf 81' lang='lat' dir='ltr'><strong>iu</strong></span> <span class='ocrx_word' id='word_1_22' title='bbox 1060 466 1211 549; x_wconf 84' lang='lat' dir='ltr'><strong>praediis</strong></span> <span class='ocrx_word' id='word_1_23' title='bbox 1260 514 1261 570; x_wconf 74' lang='lat'><strong>,</strong></span> 
     </span>
     <span class='ocr_line' id='line_1_4' title="bbox 241 553 1261 640; baseline -0.002 -18"><span class='ocrx_word' id='word_1_24' title='bbox 241 557 442 640; x_wconf 78' lang='lat' dir='ltr'><strong>infrequens,</strong></span> <span class='ocrx_word' id='word_1_25' title='bbox 467 555 638 636; x_wconf 78' lang='lat' dir='ltr'><strong>sedesve,</strong></span> <span class='ocrx_word' id='word_1_26' title='bbox 668 555 798 638; x_wconf 88' lang='lat' dir='ltr'><strong>amabo,</strong></span> <span class='ocrx_word' id='word_1_27' title='bbox 829 553 1018 637; x_wconf 81' lang='lat' dir='ltr'><strong>quidquam,</strong></span> <span class='ocrx_word' id='word_1_28' title='bbox 1046 554 1142 636; x_wconf 89' lang='lat' dir='ltr'><strong>quod</strong></span> <span class='ocrx_word' id='word_1_29' title='bbox 1171 555 1211 620; x_wconf 84' lang='lat' dir='ltr'><strong>ad</strong></span> <span class='ocrx_word' id='word_1_30' title='bbox 1260 575 1261 580; x_wconf 51' lang='lat'>¹</span> 
     </span>
     <span class='ocr_line' id='line_1_5' title="bbox 242 642 1211 723; baseline -0.003 -12"><span class='ocrx_word' id='word_1_31' title='bbox 242 665 350 710; x_wconf 84' lang='lat' dir='ltr'><strong>meum</strong></span> <span class='ocrx_word' id='word_1_32' title='bbox 371 644 576 710; x_wconf 88' lang='lat' dir='ltr'><strong>commodum</strong></span> <span class='ocrx_word' id='word_1_33' title='bbox 598 643 751 723; x_wconf 74' lang='lat' dir='ltr'><strong>attineat,</strong></span> <span class='ocrx_word' id='word_1_34' title='bbox 775 642 840 708; x_wconf 86' lang='lat' dir='ltr'><strong>nisi</strong></span> <span class='ocrx_word' id='word_1_35' title='bbox 861 642 1001 708; x_wconf 84' lang='lat' dir='ltr'><strong>maximo</strong></span> <span class='ocrx_word' id='word_1_36' title='bbox 1029 645 1092 706; x_wconf 88' lang='lat' dir='ltr'><strong>tuo</strong></span> <span class='ocrx_word' id='word_1_37' title='bbox 1123 663 1211 708; x_wconf 87' lang='lat' dir='ltr'><strong>com·</strong></span> 
     </span>
     <span class='ocr_line' id='line_1_6' title="bbox 242 729 1211 815; baseline -0.001 -19"><span class='ocrx_word' id='word_1_38' title='bbox 242 733 339 798; x_wconf 89' lang='lat' dir='ltr'><strong>modo</strong></span> <span class='ocrx_word' id='word_1_39' title='bbox 361 736 395 796; x_wconf 86' lang='lat' dir='ltr'><strong>et</strong></span> <span class='ocrx_word' id='word_1_40' title='bbox 416 733 556 798; x_wconf 83' lang='lat' dir='ltr'><strong>maxima</strong></span> <span class='ocrx_word' id='word_1_41' title='bbox 577 734 635 796; x_wconf 88' lang='lat' dir='ltr'><strong>tua</strong></span> <span class='ocrx_word' id='word_1_42' title='bbox 656 731 821 814; x_wconf 73' lang='lat' dir='ltr'><strong>facultate,</strong></span> <span class='ocrx_word' id='word_1_43' title='bbox 843 730 887 794; x_wconf 92' lang='lat' dir='ltr'><strong>mi</strong></span> <span class='ocrx_word' id='word_1_44' title='bbox 905 729 1015 810; x_wconf 84' lang='lat' dir='ltr'><strong>irater,</strong></span> <span class='ocrx_word' id='word_1_45' title='bbox 1039 731 1211 815; x_wconf 82' lang='lat' dir='ltr'><strong>cogitaris.</strong></span> 
     </span>
     <span class='ocr_line' id='line_1_7' title="bbox 216 818 1211 904; baseline -0.003 -18"><span class='ocrx_word' id='word_1_46' title='bbox 216 820 293 886; x_wconf 69' lang='lat' dir='ltr'><strong>tDe</strong></span> <span class='ocrx_word' id='word_1_47' title='bbox 315 821 453 904; x_wconf 82' lang='lat' dir='ltr'><strong>epistole</strong></span> <span class='ocrx_word' id='word_1_48' title='bbox 474 819 614 903; x_wconf 84' lang='lat' dir='ltr'><strong>Vatinii,</strong></span> <span class='ocrx_word' id='word_1_49' title='bbox 635 819 706 902; x_wconf 82' lang='lat' dir='ltr'><strong>risi3</strong></span> <span class='ocrx_word' id='word_1_50' title='bbox 734 819 790 884; x_wconf 88' lang='lat' dir='ltr'><strong>sed</strong></span> <span class='ocrx_word' id='word_1_51' title='bbox 816 839 868 882; x_wconf 90' lang='lat' dir='ltr'><strong>me</strong></span> <span class='ocrx_word' id='word_1_52' title='bbox 891 818 933 883; x_wconf 88' lang='lat' dir='ltr'><strong>ab</strong></span> <span class='ocrx_word' id='word_1_53' title='bbox 959 838 998 882; x_wconf 91' lang='lat' dir='ltr'><strong>eo</strong></span> <span class='ocrx_word' id='word_1_54' title='bbox 1020 818 1071 882; x_wconf 85' lang='lat' dir='ltr'><strong>ita</strong></span> <span class='ocrx_word' id='word_1_55' title='bbox 1097 819 1211 884; x_wconf 86' lang='lat' dir='ltr'><strong>obser·</strong></span> 
     </span>
     <span class='ocr_line' id='line_1_8' title="bbox 242 906 1262 1071; baseline 0.001 -98"><span class='ocrx_word' id='word_1_56' title='bbox 242 909 312 1062; x_wconf 54' lang='lat' dir='ltr'><strong>vppi</strong></span> <span class='ocrx_word' id='word_1_57' title='bbox 326 909 424 1062; x_wconf 52' lang='lat' dir='ltr'><strong>effi</strong></span> <span class='ocrx_word' id='word_1_58' title='bbox 449 912 487 972; x_wconf 88' lang='lat' dir='ltr'><strong>ut</strong></span> <span class='ocrx_word' id='word_1_59' title='bbox 517 908 586 972; x_wconf 86' lang='lat' dir='ltr'><strong>eius</strong></span> <span class='ocrx_word' id='word_1_60' title='bbox 612 908 677 972; x_wconf 89' lang='lat' dir='ltr'><strong>ista</strong></span> <span class='ocrx_word' id='word_1_61' title='bbox 704 907 797 1071; x_wconf 43' lang='lat' dir='ltr'><strong>&amp;iad</strong></span> <span class='ocrx_word' id='word_1_62' title='bbox 810 927 877 972; x_wconf 88' lang='lat' dir='ltr'><strong>nou</strong></span> <span class='ocrx_word' id='word_1_63' title='bbox 897 906 1059 1060; x_wconf 51' lang='lat' dir='ltr'><strong>poptbpgm</strong></span> <span class='ocrx_word' id='word_1_64' title='bbox 1091 908 1211 1060; x_wconf 65' lang='lat' dir='ltr'><strong>splurp,</strong></span> <span class='ocrx_word' id='word_1_65' title='bbox 1261 913 1262 934; x_wconf 31' lang='lat' dir='ltr'><strong>l</strong></span> 
     </span>
     <span class='ocr_line' id='line_1_9' title="bbox 215 1011 1178 1076; baseline -0.003 -14"><span class='ocrx_word' id='word_1_66' title='bbox 215 1011 258 1062; x_wconf 70' lang='lat' dir='ltr'><strong>ts</strong></span> <span class='ocrx_word' id='word_1_67' title='bbox 451 1017 552 1062; x_wconf 89' lang='lat' dir='ltr'><strong>conco</strong></span> <span class='ocrx_word' id='word_1_68' title='bbox 574 1017 659 1062; x_wconf 89' lang='lat' dir='ltr'><strong>uam.</strong></span> <span class='ocrx_word' id='word_1_69' title='bbox 756 1015 775 1061; x_wconf 91' lang='lat' dir='ltr'><strong>o</strong></span> <span class='ocrx_word' id='word_1_70' title='bbox 819 1015 871 1060; x_wconf 86' lang='lat' dir='ltr'><strong>me</strong></span> <span class='ocrx_word' id='word_1_71' title='bbox 921 1015 941 1059; x_wconf 93' lang='lat' dir='ltr'><strong>o</strong></span> <span class='ocrx_word' id='word_1_72' title='bbox 1022 1016 1053 1076; x_wconf 84' lang='lat' dir='ltr'><strong>s,</strong></span> <span class='ocrx_word' id='word_1_73' title='bbox 1083 1017 1110 1059; x_wconf 93' lang='lat' dir='ltr'><strong>u</strong></span> <span class='ocrx_word' id='word_1_74' title='bbox 1156 1017 1178 1060; x_wconf 88' lang='lat' dir='ltr'><strong>a</strong></span> 
     </span>
     <span class='ocr_line' id='line_1_10' title="bbox 243 1017 1210 1169; baseline -0.001 -20"><span class='ocrx_word' id='word_1_75' title='bbox 243 1085 380 1169; x_wconf 82' lang='lat' dir='ltr'><strong>solvam,</strong></span> <span class='ocrx_word' id='word_1_76' title='bbox 405 1084 511 1149; x_wconf 88' lang='lat' dir='ltr'><strong>habeo</strong></span> <span class='ocrx_word' id='word_1_77' title='bbox 534 1017 720 1148; x_wconf 61' lang='lat' dir='ltr'><strong>absolutum</strong></span> <span class='ocrx_word' id='word_1_78' title='bbox 747 1103 858 1166; x_wconf 88' lang='lat' dir='ltr'><strong>suave,</strong></span> <span class='ocrx_word' id='word_1_79' title='bbox 887 1081 966 1146; x_wconf 91' lang='lat' dir='ltr'><strong>mihi</strong></span> <span class='ocrx_word' id='word_1_80' title='bbox 994 1081 1133 1165; x_wconf 88' lang='lat' dir='ltr'><strong>quidem</strong></span> <span class='ocrx_word' id='word_1_81' title='bbox 1161 1085 1210 1148; x_wconf 89' lang='lat' dir='ltr'><strong>uti</strong></span> 
     </span>
     <span class='ocr_line' id='line_1_11' title="bbox 242 1169 1209 1256; baseline 0 -20"><span class='ocrx_word' id='word_1_82' title='bbox 242 1173 381 1256; x_wconf 86' lang='lat' dir='ltr'><strong>videtur,</strong></span> <span class='ocrx_word' id='word_1_83' title='bbox 404 1174 482 1248; x_wconf 77' lang='grc' dir='ltr'><em>ἔπος</em></span> <span class='ocrx_word' id='word_1_84' title='bbox 508 1170 549 1236; x_wconf 91' lang='lat' dir='ltr'><strong>ad</strong></span> <span class='ocrx_word' id='word_1_85' title='bbox 573 1169 757 1254; x_wconf 80' lang='lat' dir='ltr'><strong>Caesarem,</strong></span> <span class='ocrx_word' id='word_1_86' title='bbox 783 1169 839 1234; x_wconf 86' lang='lat' dir='ltr'><strong>sed</strong></span> <span class='ocrx_word' id='word_1_87' title='bbox 863 1190 981 1253; x_wconf 78' lang='lat' dir='ltr'><strong>quaero</strong></span> <span class='ocrx_word' id='word_1_88' title='bbox 1004 1171 1209 1254; x_wconf 81' lang='lat' dir='ltr'><strong>locupletem</strong></span> 
     </span>
     <span class='ocr_line' id='line_1_12' title="bbox 241 1255 1263 1344; baseline 0 -20"><span class='ocrx_word' id='word_1_89' title='bbox 241 1260 458 1343; x_wconf 85' lang='lat' dir='ltr'><strong>tabellarium,</strong></span> <span class='ocrx_word' id='word_1_90' title='bbox 479 1281 521 1324; x_wconf 86' lang='lat' dir='ltr'><strong>ne</strong></span> <span class='ocrx_word' id='word_1_91' title='bbox 543 1259 563 1298; x_wconf 71' lang='lat'><strong>¹·</strong></span> <span class='ocrx_word' id='word_1_92' title='bbox 585 1258 710 1323; x_wconf 87' lang='lat' dir='ltr'><strong>accidat</strong></span> <span class='ocrx_word' id='word_1_93' title='bbox 737 1257 823 1342; x_wconf 90' lang='lat' dir='ltr'><strong>quod</strong></span> <span class='ocrx_word' id='word_1_94' title='bbox 845 1255 1009 1342; x_wconf 80' lang='lat' dir='ltr'><strong>Erigonae</strong></span> <span class='ocrx_word' id='word_1_95' title='bbox 1031 1261 1129 1344; x_wconf 90' lang='lat' dir='ltr'><strong>tuae,</strong></span> <span class='ocrx_word' id='word_1_96' title='bbox 1159 1262 1209 1324; x_wconf 86' lang='lat' dir='ltr'><strong>cui</strong></span> <span class='ocrx_word' id='word_1_97' title='bbox 1262 1309 1263 1338; x_wconf 72' lang='lat'><strong>,</strong></span> 
     </span>
     <span class='ocr_line' id='line_1_13' title="bbox 243 1343 1209 1431; baseline -0.003 -17"><span class='ocrx_word' id='word_1_98' title='bbox 243 1349 304 1414; x_wconf 88' lang='lat' dir='ltr'><strong>soli</strong></span> <span class='ocrx_word' id='word_1_99' title='bbox 330 1345 466 1414; x_wconf 82' lang='lat' dir='ltr'><strong>Caesare</strong></span> <span class='ocrx_word' id='word_1_100' title='bbox 493 1349 687 1431; x_wconf 85' lang='lat' dir='ltr'><strong>imperatore</strong></span> <span class='ocrx_word' id='word_1_101' title='bbox 713 1347 775 1412; x_wconf 84' lang='lat' dir='ltr'><strong>iter</strong></span> <span class='ocrx_word' id='word_1_102' title='bbox 804 1367 843 1410; x_wconf 87' lang='lat' dir='ltr'><strong>ex</strong></span> <span class='ocrx_word' id='word_1_103' title='bbox 870 1343 974 1410; x_wconf 83' lang='lat' dir='ltr'><strong>Gallie</strong></span> <span class='ocrx_word' id='word_1_104' title='bbox 1000 1348 1116 1410; x_wconf 90' lang='lat' dir='ltr'><strong>tutum</strong></span> <span class='ocrx_word' id='word_1_105' title='bbox 1140 1369 1209 1414; x_wconf 92' lang='lat' dir='ltr'><strong>non</strong></span> 
     </span>
     <span class='ocr_line' id='line_1_14' title="bbox 215 1433 1207 1514; baseline 0.001 -15"><span class='ocrx_word' id='word_1_106' title='bbox 215 1435 313 1500; x_wconf 65' lang='lat' dir='ltr'><strong>sinit.</strong></span> <span class='ocrx_word' id='word_1_107' title='bbox 349 1436 368 1474; x_wconf 84' lang='grc'>*</span> <span class='ocrx_word' id='word_1_108' title='bbox 381 1437 400 1475; x_wconf 84' lang='grc'>*</span> <span class='ocrx_word' id='word_1_109' title='bbox 413 1436 432 1474; x_wconf 84' lang='grc'>*</span> <span class='ocrx_word' id='word_1_110' title='bbox 455 1434 561 1511; x_wconf 80' lang='lat' dir='ltr'><strong>Quid?</strong></span> <span class='ocrx_word' id='word_1_111' title='bbox 589 1435 616 1500; x_wconf 86' lang='lat' dir='ltr'><strong>si</strong></span> <span class='ocrx_word' id='word_1_112' title='bbox 639 1439 842 1500; x_wconf 87' lang='lat' dir='ltr'><strong>caementum</strong></span> <span class='ocrx_word' id='word_1_113' title='bbox 863 1433 986 1498; x_wconf 90' lang='lat' dir='ltr'><strong>bonum</strong></span> <span class='ocrx_word' id='word_1_114' title='bbox 1007 1454 1078 1499; x_wconf 89' lang='lat' dir='ltr'><strong>non</strong></span> <span class='ocrx_word' id='word_1_115' title='bbox 1103 1435 1128 1514; x_wconf 89' lang='lat'><strong>†</strong></span> <span class='ocrx_word' id='word_1_116' title='bbox 1152 1435 1207 1500; x_wconf 88' lang='lat' dir='ltr'><strong>ha-</strong></span> 
     </span>
     <span class='ocr_line' id='line_1_15' title="bbox 241 1521 1208 1606; baseline 0 -18"><span class='ocrx_word' id='word_1_117' title='bbox 241 1523 365 1604; x_wconf 90' lang='lat' dir='ltr'><strong>berem,</strong></span> <span class='ocrx_word' id='word_1_118' title='bbox 399 1523 567 1588; x_wconf 85' lang='lat' dir='ltr'><strong>deturbem</strong></span> <span class='ocrx_word' id='word_1_119' title='bbox 603 1522 805 1588; x_wconf 78' lang='lat' dir='ltr'><strong>aedificium?</strong></span> <span class='ocrx_word' id='word_1_120' title='bbox 841 1521 928 1606; x_wconf 89' lang='lat' dir='ltr'><strong>quod</strong></span> <span class='ocrx_word' id='word_1_121' title='bbox 959 1521 1090 1606; x_wconf 89' lang='lat' dir='ltr'><strong>quidem</strong></span> <span class='ocrx_word' id='word_1_122' title='bbox 1127 1525 1208 1588; x_wconf 81' lang='lat' dir='ltr'><strong>milri</strong></span> 
     </span>
     <span class='ocr_line' id='line_1_16' title="bbox 242 1609 1208 1695; baseline 0.002 -20"><span class='ocrx_word' id='word_1_123' title='bbox 242 1610 385 1695; x_wconf 88' lang='lat' dir='ltr'><strong>quotidie</strong></span> <span class='ocrx_word' id='word_1_124' title='bbox 407 1611 513 1695; x_wconf 80' lang='lat' dir='ltr'><strong>magis</strong></span> <span class='ocrx_word' id='word_1_125' title='bbox 534 1611 654 1695; x_wconf 87' lang='lat' dir='ltr'><strong>placet,</strong></span> <span class='ocrx_word' id='word_1_126' title='bbox 682 1610 718 1674; x_wconf 89' lang='lat' dir='ltr'><strong>in</strong></span> <span class='ocrx_word' id='word_1_127' title='bbox 741 1609 915 1694; x_wconf 84' lang='lat' dir='ltr'><strong>primisque</strong></span> <span class='ocrx_word' id='word_1_128' title='bbox 941 1609 1078 1674; x_wconf 90' lang='lat' dir='ltr'><strong>inferior</strong></span> <span class='ocrx_word' id='word_1_129' title='bbox 1102 1614 1208 1695; x_wconf 89' lang='lat' dir='ltr'><strong>porti-</strong></span> 
     </span>
     <span class='ocr_line' id='line_1_17' title="bbox 242 1697 1205 1782; baseline 0 -18"><span class='ocrx_word' id='word_1_130' title='bbox 242 1719 299 1764; x_wconf 88' lang='lat' dir='ltr'><strong>cus</strong></span> <span class='ocrx_word' id='word_1_131' title='bbox 320 1701 355 1763; x_wconf 89' lang='lat' dir='ltr'><strong>et</strong></span> <span class='ocrx_word' id='word_1_132' title='bbox 376 1697 445 1763; x_wconf 86' lang='lat' dir='ltr'><strong>eius</strong></span> <span class='ocrx_word' id='word_1_133' title='bbox 468 1697 633 1764; x_wconf 82' lang='lat' dir='ltr'><strong>conclavia</strong></span> <span class='ocrx_word' id='word_1_134' title='bbox 654 1699 739 1763; x_wconf 91' lang='lat' dir='ltr'><strong>fiunt</strong></span> <span class='ocrx_word' id='word_1_135' title='bbox 760 1702 855 1764; x_wconf 85' lang='lat' dir='ltr'><strong>recte.</strong></span> <span class='ocrx_word' id='word_1_136' title='bbox 890 1697 940 1763; x_wconf 89' lang='lat' dir='ltr'><strong>De</strong></span> <span class='ocrx_word' id='word_1_137' title='bbox 962 1697 1109 1782; x_wconf 87' lang='lat' dir='ltr'><strong>Arcano,</strong></span> <span class='ocrx_word' id='word_1_138' title='bbox 1128 1697 1205 1766; x_wconf 84' lang='lat' dir='ltr'><strong>Cae·</strong></span> 
     </span>
     <span class='ocr_line' id='line_1_18' title="bbox 242 1786 1206 1870; baseline 0 -18"><span class='ocrx_word' id='word_1_139' title='bbox 242 1787 324 1852; x_wconf 89' lang='lat' dir='ltr'><strong>saris</strong></span> <span class='ocrx_word' id='word_1_140' title='bbox 351 1808 432 1870; x_wconf 88' lang='lat' dir='ltr'><strong>opus</strong></span> <span class='ocrx_word' id='word_1_141' title='bbox 454 1789 505 1851; x_wconf 86' lang='lat' dir='ltr'><strong>est</strong></span> <span class='ocrx_word' id='word_1_142' title='bbox 526 1787 579 1852; x_wconf 84' lang='lat' dir='ltr'><strong>vel</strong></span> <span class='ocrx_word' id='word_1_143' title='bbox 599 1786 759 1853; x_wconf 88' lang='lat' dir='ltr'><strong>mehercle</strong></span> <span class='ocrx_word' id='word_1_144' title='bbox 787 1787 884 1851; x_wconf 87' lang='lat' dir='ltr'><strong>etiem</strong></span> <span class='ocrx_word' id='word_1_145' title='bbox 911 1787 1126 1870; x_wconf 83' lang='lat' dir='ltr'><strong>elegantioris</strong></span> <span class='ocrx_word' id='word_1_146' title='bbox 1151 1789 1206 1852; x_wconf 88' lang='lat' dir='ltr'><strong>ali-</strong></span> 
     </span>
     <span class='ocr_line' id='line_1_19' title="bbox 242 1875 1207 1959; baseline 0 -19"><span class='ocrx_word' id='word_1_147' title='bbox 242 1876 346 1955; x_wconf 81' lang='lat' dir='ltr'><strong>cuius3</strong></span> <span class='ocrx_word' id='word_1_148' title='bbox 372 1875 531 1959; x_wconf 80' lang='lat' dir='ltr'><strong>imagines</strong></span> <span class='ocrx_word' id='word_1_149' title='bbox 559 1875 645 1940; x_wconf 89' lang='lat' dir='ltr'><strong>enim</strong></span> <span class='ocrx_word' id='word_1_150' title='bbox 672 1875 753 1938; x_wconf 86' lang='lat' dir='ltr'><strong>istae</strong></span> <span class='ocrx_word' id='word_1_151' title='bbox 777 1877 810 1939; x_wconf 89' lang='lat' dir='ltr'><strong>et</strong></span> <span class='ocrx_word' id='word_1_152' title='bbox 830 1875 992 1958; x_wconf 82' lang='lat' dir='ltr'><strong>palaestra</strong></span> <span class='ocrx_word' id='word_1_153' title='bbox 1019 1877 1054 1938; x_wconf 89' lang='lat' dir='ltr'><strong>et</strong></span> <span class='ocrx_word' id='word_1_154' title='bbox 1075 1875 1207 1958; x_wconf 88' lang='lat' dir='ltr'><strong>piscine</strong></span> 
     </span>
     <span class='ocr_line' id='line_1_20' title="bbox 242 1960 1205 2048; baseline 0.002 -22"><span class='ocrx_word' id='word_1_155' title='bbox 242 1965 276 2026; x_wconf 87' lang='lat' dir='ltr'><strong>et</strong></span> <span class='ocrx_word' id='word_1_156' title='bbox 296 1960 391 2026; x_wconf 91' lang='lat' dir='ltr'><strong>Nilus</strong></span> <span class='ocrx_word' id='word_1_157' title='bbox 419 1963 594 2028; x_wconf 88' lang='lat' dir='ltr'><strong>multorum</strong></span> <span class='ocrx_word' id='word_1_158' title='bbox 620 1961 869 2027; x_wconf 87' lang='lat' dir='ltr'><strong>Philotimorum</strong></span> <span class='ocrx_word' id='word_1_159' title='bbox 896 1965 959 2046; x_wconf 87' lang='lat' dir='ltr'><strong>cet,</strong></span> <span class='ocrx_word' id='word_1_160' title='bbox 989 1983 1059 2027; x_wconf 87' lang='lat' dir='ltr'><strong>non</strong></span> <span class='ocrx_word' id='word_1_161' title='bbox 1085 1962 1205 2048; x_wconf 87' lang='lat' dir='ltr'><strong>Diphi-</strong></span> 
     </span>
     <span class='ocr_line' id='line_1_21' title="bbox 241 2049 1206 2135; baseline 0.003 -22"><span class='ocrx_word' id='word_1_162' title='bbox 241 2050 362 2132; x_wconf 88' lang='lat' dir='ltr'><strong>lorum;</strong></span> <span class='ocrx_word' id='word_1_163' title='bbox 397 2049 455 2114; x_wconf 84' lang='lat' dir='ltr'><strong>aad</strong></span> <span class='ocrx_word' id='word_1_164' title='bbox 485 2054 519 2115; x_wconf 88' lang='lat' dir='ltr'><strong>et</strong></span> <span class='ocrx_word' id='word_1_165' title='bbox 548 2050 611 2135; x_wconf 88' lang='lat' dir='ltr'><strong>ipsi</strong></span> <span class='ocrx_word' id='word_1_166' title='bbox 642 2071 681 2115; x_wconf 86' lang='lat' dir='ltr'><strong>aa</strong></span> <span class='ocrx_word' id='word_1_167' title='bbox 712 2049 872 2114; x_wconf 81' lang='lat' dir='ltr'><strong>adibimus</strong></span> <span class='ocrx_word' id='word_1_168' title='bbox 904 2053 938 2115; x_wconf 86' lang='lat' dir='ltr'><strong>et</strong></span> <span class='ocrx_word' id='word_1_169' title='bbox 968 2051 1141 2118; x_wconf 84' lang='lat' dir='ltr'><strong>mittemus</strong></span> <span class='ocrx_word' id='word_1_170' title='bbox 1173 2057 1206 2117; x_wconf 93' lang='lat' dir='ltr'><strong>et</strong></span> 
     </span>
     <span class='ocr_line' id='line_1_22' title="bbox 214 2135 1266 2226; baseline 0.001 -23"><span class='ocrx_word' id='word_1_171' title='bbox 214 2136 475 2203; x_wconf 84' lang='lat' dir='ltr'><strong>emendabimus.</strong></span> <span class='ocrx_word' id='word_1_172' title='bbox 528 2137 578 2203; x_wconf 91' lang='lat' dir='ltr'><strong>De</strong></span> <span class='ocrx_word' id='word_1_173' title='bbox 609 2135 724 2203; x_wconf 86' lang='lat' dir='ltr'><strong>Felicis</strong></span> <span class='ocrx_word' id='word_1_174' title='bbox 760 2140 955 2203; x_wconf 88' lang='lat' dir='ltr'><strong>testamento</strong></span> <span class='ocrx_word' id='word_1_175' title='bbox 988 2141 1059 2202; x_wconf 88' lang='lat' dir='ltr'><strong>tum</strong></span> <span class='ocrx_word' id='word_1_176' title='bbox 1095 2142 1206 2226; x_wconf 81' lang='lat' dir='ltr'><strong>magis</strong></span> <span class='ocrx_word' id='word_1_177' title='bbox 1265 2167 1266 2182; x_wconf 53' lang='lat'>¹</span> 
     </span>
     <span class='ocr_line' id='line_1_23' title="bbox 241 2225 1207 2311; baseline 0.005 -22"><span class='ocrx_word' id='word_1_178' title='bbox 241 2225 431 2310; x_wconf 89' lang='lat' dir='ltr'><strong>†querere,</strong></span> <span class='ocrx_word' id='word_1_179' title='bbox 457 2225 486 2290; x_wconf 88' lang='lat' dir='ltr'><strong>ei</strong></span> <span class='ocrx_word' id='word_1_180' title='bbox 513 2225 609 2291; x_wconf 85' lang='lat' dir='ltr'><strong>scias:</strong></span> <span class='ocrx_word' id='word_1_181' title='bbox 637 2247 717 2310; x_wconf 89' lang='lat' dir='ltr'><strong>ques</strong></span> <span class='ocrx_word' id='word_1_182' title='bbox 743 2227 831 2291; x_wconf 89' lang='lat' dir='ltr'><strong>enim</strong></span> <span class='ocrx_word' id='word_1_183' title='bbox 857 2226 985 2290; x_wconf 80' lang='lat' dir='ltr'><strong>tabulae</strong></span> <span class='ocrx_word' id='word_1_184' title='bbox 1014 2247 1049 2290; x_wconf 88' lang='lat' dir='ltr'><strong>se</strong></span> <span class='ocrx_word' id='word_1_185' title='bbox 1072 2230 1207 2311; x_wconf 85' lang='lat' dir='ltr'><strong>putavit</strong></span> 
     </span>
     <span class='ocr_line' id='line_1_24' title="bbox 242 2313 1207 2400; baseline 0.005 -22"><span class='ocrx_word' id='word_1_186' title='bbox 242 2313 424 2399; x_wconf 83' lang='lat' dir='ltr'><strong>obsignare,</strong></span> <span class='ocrx_word' id='word_1_187' title='bbox 444 2313 481 2377; x_wconf 90' lang='lat' dir='ltr'><strong>in</strong></span> <span class='ocrx_word' id='word_1_188' title='bbox 503 2313 619 2398; x_wconf 89' lang='lat' dir='ltr'><strong>quibus</strong></span> <span class='ocrx_word' id='word_1_189' title='bbox 639 2314 710 2393; x_wconf 88' lang='lat' dir='ltr'><strong>†in</strong></span> <span class='ocrx_word' id='word_1_190' title='bbox 731 2314 835 2379; x_wconf 87' lang='lat' dir='ltr'><strong>unciis</strong></span> <span class='ocrx_word' id='word_1_191' title='bbox 857 2313 1078 2378; x_wconf 88' lang='lat' dir='ltr'><strong>firmissimum</strong></span> <span class='ocrx_word' id='word_1_192' title='bbox 1099 2319 1207 2400; x_wconf 82' lang='lat' dir='ltr'><strong>tenes,</strong></span> 
     </span>
     <span class='ocr_line' id='line_1_25' title="bbox 242 2401 1266 2486; baseline 0.003 -18"><span class='ocrx_word' id='word_1_193' title='bbox 242 2421 294 2468; x_wconf 82' lang='lat' dir='ltr'><strong>eus</strong></span> <span class='ocrx_word' id='word_1_194' title='bbox 324 2422 466 2466; x_wconf 83' lang='lat' dir='ltr'><strong>vero-</strong></span> <span class='ocrx_word' id='word_1_195' title='bbox 492 2401 603 2486; x_wconf 88' lang='lat' dir='ltr'><strong>lapsus</strong></span> <span class='ocrx_word' id='word_1_196' title='bbox 634 2404 685 2467; x_wconf 86' lang='lat' dir='ltr'><strong>est</strong></span> <span class='ocrx_word' id='word_1_197' title='bbox 712 2422 770 2485; x_wconf 89' lang='lat' dir='ltr'><strong>per</strong></span> <span class='ocrx_word' id='word_1_198' title='bbox 801 2423 943 2466; x_wconf 88' lang='lat' dir='ltr'><strong>errorem</strong></span> <span class='ocrx_word' id='word_1_199' title='bbox 974 2405 1007 2466; x_wconf 87' lang='lat' dir='ltr'><strong>et</strong></span> <span class='ocrx_word' id='word_1_200' title='bbox 1039 2424 1144 2470; x_wconf 89' lang='lat' dir='ltr'><strong>suum</strong></span> <span class='ocrx_word' id='word_1_201' title='bbox 1175 2412 1208 2470; x_wconf 86' lang='lat' dir='ltr'><strong>et</strong></span> <span class='ocrx_word' id='word_1_202' title='bbox 1265 2405 1266 2412; x_wconf 67' lang='lat'><em>&#39;</em></span> 
     </span>
     <span class='ocr_line' id='line_1_26' title="bbox 243 2485 1208 2576; baseline 0.008 -24"><span class='ocrx_word' id='word_1_203' title='bbox 243 2485 372 2553; x_wconf 83' lang='lat' dir='ltr'><strong>Sicuree</strong></span> <span class='ocrx_word' id='word_1_204' title='bbox 399 2488 483 2554; x_wconf 82' lang='lat' dir='ltr'><strong>servi</strong></span> <span class='ocrx_word' id='word_1_205' title='bbox 504 2523 548 2536; x_wconf 89' lang='lat'><strong>-·-</strong></span> <span class='ocrx_word' id='word_1_206' title='bbox 570 2510 639 2554; x_wconf 88' lang='lat' dir='ltr'><strong>non</strong></span> <span class='ocrx_word' id='word_1_207' title='bbox 666 2489 864 2576; x_wconf 81' lang='lat' dir='ltr'><strong>obsignavit,</strong></span> <span class='ocrx_word' id='word_1_208' title='bbox 890 2509 971 2574; x_wconf 88' lang='lat' dir='ltr'><strong>quae</strong></span> <span class='ocrx_word' id='word_1_209' title='bbox 997 2491 1123 2576; x_wconf 87' lang='lat' dir='ltr'><strong>noluit,</strong></span> <span class='ocrx_word' id='word_1_210' title='bbox 1153 2515 1208 2559; x_wconf 85' lang='lat' dir='ltr'><strong>eas</strong></span> 
     </span>
    </p>
   </div>
   <div class='ocr_carea' id='block_1_4' title="bbox 220 2711 1266 3630">
    <p class='ocr_par' dir='ltr' id='par_1_4' title="bbox 240 2711 1266 3119">
     <span class='ocr_line' id='line_1_27' title="bbox 311 2711 1209 2787; baseline 0.008 -20"><span class='ocrx_word' id='word_1_211' title='bbox 311 2711 363 2784; x_wconf 83' lang='lat' dir='ltr'><strong>Ep.</strong></span> <span class='ocrx_word' id='word_1_212' title='bbox 383 2720 407 2782; x_wconf 86' lang='grc'><strong>9,</strong></span> <span class='ocrx_word' id='word_1_213' title='bbox 421 2717 447 2768; x_wconf 83' lang='grc'><strong>4.</strong></span> <span class='ocrx_word' id='word_1_214' title='bbox 482 2714 631 2784; x_wconf 56' lang='lat' dir='ltr'><strong>menapiis</strong></span> <span class='ocrx_word' id='word_1_215' title='bbox 647 2716 720 2784; x_wconf 81' lang='lat' dir='ltr'><strong>quod</strong></span> <span class='ocrx_word' id='word_1_216' title='bbox 738 2715 813 2786; x_wconf 89' lang='lat' dir='ltr'><strong>(W.).</strong></span> <span class='ocrx_word' id='word_1_217' title='bbox 857 2731 909 2780; x_wconf 76' lang='lat' dir='ltr'><strong>ou,</strong></span> <span class='ocrx_word' id='word_1_218' title='bbox 927 2733 952 2785; x_wconf 80' lang='lat' dir='ltr'><strong>q.</strong></span> <span class='ocrx_word' id='word_1_219' title='bbox 970 2715 1065 2787; x_wconf 79' lang='lat' dir='ltr'><strong>vulgo.</strong></span> <span class='ocrx_word' id='word_1_220' title='bbox 1094 2747 1136 2761; x_wconf 88' lang='lat'><em>-</em></span> <span class='ocrx_word' id='word_1_221' title='bbox 1165 2721 1209 2776; x_wconf 65' lang='grc' dir='ltr'><strong>ι’»-</strong></span> 
     </span>
     <span class='ocr_line' id='line_1_28' title="bbox 240 2783 1266 2859; baseline 0.008 -20"><span class='ocrx_word' id='word_1_222' title='bbox 240 2784 375 2854; x_wconf 70' lang='lat' dir='ltr'><strong>frequens,</strong></span> <span class='ocrx_word' id='word_1_223' title='bbox 392 2785 439 2840; x_wconf 78' lang='lat' dir='ltr'><strong>sed</strong></span> <span class='ocrx_word' id='word_1_224' title='bbox 456 2784 531 2855; x_wconf 83' lang='lat' dir='ltr'>(W.).</span> <span class='ocrx_word' id='word_1_225' title='bbox 566 2787 586 2840; x_wconf 70' lang='grc' dir='ltr'><strong>ι’.</strong></span> <span class='ocrx_word' id='word_1_226' title='bbox 614 2784 668 2840; x_wconf 77' lang='lat' dir='ltr'><strong>Sed</strong></span> <span class='ocrx_word' id='word_1_227' title='bbox 685 2785 780 2856; x_wconf 80' lang='lat' dir='ltr'><strong>vulgo.</strong></span> <span class='ocrx_word' id='word_1_228' title='bbox 817 2790 842 2841; x_wconf 78' lang='lat' dir='ltr'><strong>t.</strong></span> <span class='ocrx_word' id='word_1_229' title='bbox 875 2785 993 2855; x_wconf 81' lang='lat' dir='ltr'><strong>Vatinii,</strong></span> <span class='ocrx_word' id='word_1_230' title='bbox 1010 2788 1064 2842; x_wconf 79' lang='lat' dir='ltr'><strong>risi</strong></span> <span class='ocrx_word' id='word_1_231' title='bbox 1082 2787 1147 2856; x_wconf 87' lang='lat' dir='ltr'><strong>(Or.</strong></span> <span class='ocrx_word' id='word_1_232' title='bbox 1166 2793 1209 2859; x_wconf 86' lang='lat'>1.).</span> <span class='ocrx_word' id='word_1_233' title='bbox 1265 2783 1266 2812; x_wconf 60' lang='lat'>¹</span> 
     </span>
     <span class='ocr_line' id='line_1_29' title="bbox 247 2853 1210 2930; baseline 0.008 -21"><span class='ocrx_word' id='word_1_234' title='bbox 247 2853 279 2909; x_wconf 86' lang='lat' dir='ltr'><strong>V.</strong></span> <span class='ocrx_word' id='word_1_235' title='bbox 297 2871 320 2908; x_wconf 85' lang='lat' dir='ltr'><strong>r.</strong></span> <span class='ocrx_word' id='word_1_236' title='bbox 343 2855 374 2910; x_wconf 89' lang='lat' dir='ltr'><strong>B.</strong></span> <span class='ocrx_word' id='word_1_237' title='bbox 420 2860 445 2910; x_wconf 82' lang='grc'><strong>6.</strong></span> <span class='ocrx_word' id='word_1_238' title='bbox 471 2871 507 2910; x_wconf 79' lang='lat' dir='ltr'><strong>ee</strong></span> <span class='ocrx_word' id='word_1_239' title='bbox 524 2859 540 2893; x_wconf 83' lang='lat'><strong>⁴¹</strong></span> <span class='ocrx_word' id='word_1_240' title='bbox 558 2856 666 2912; x_wconf 69' lang='lat' dir='ltr'><strong>modat</strong></span> <span class='ocrx_word' id='word_1_241' title='bbox 688 2856 763 2924; x_wconf 87' lang='lat' dir='ltr'><strong>(W.).</strong></span> <span class='ocrx_word' id='word_1_242' title='bbox 808 2872 843 2912; x_wconf 81' lang='lat' dir='ltr'><strong>ee</strong></span> <span class='ocrx_word' id='word_1_243' title='bbox 865 2858 1031 2926; x_wconf 73' lang='lat' dir='ltr'><strong>occipicio.</strong></span> <span class='ocrx_word' id='word_1_244' title='bbox 1079 2861 1210 2930; x_wconf 65' lang='lat' dir='ltr'><strong>accepiet</strong></span> 
     </span>
     <span class='ocr_line' id='line_1_30' title="bbox 240 2923 1209 2998; baseline 0.009 -20"><span class='ocrx_word' id='word_1_245' title='bbox 240 2923 326 2978; x_wconf 82' lang='lat' dir='ltr'><strong>Mill.</strong></span> <span class='ocrx_word' id='word_1_246' title='bbox 362 2939 397 2980; x_wconf 79' lang='lat' dir='ltr'><strong>ere</strong></span> <span class='ocrx_word' id='word_1_247' title='bbox 413 2924 440 2979; x_wconf 82' lang='lat' dir='ltr'><strong>ei</strong></span> <span class='ocrx_word' id='word_1_248' title='bbox 456 2925 527 2980; x_wconf 82' lang='lat' dir='ltr'><strong>idem</strong></span> <span class='ocrx_word' id='word_1_249' title='bbox 549 2926 606 2994; x_wconf 86' lang='lat' dir='ltr'><strong>(vel</strong></span> <span class='ocrx_word' id='word_1_250' title='bbox 623 2943 658 2982; x_wconf 79' lang='lat' dir='ltr'><strong>ue</strong></span> <span class='ocrx_word' id='word_1_251' title='bbox 675 2925 745 2980; x_wconf 71' lang='lat' dir='ltr'><strong>idern</strong></span> <span class='ocrx_word' id='word_1_252' title='bbox 763 2927 798 2995; x_wconf 71' lang='lat' dir='ltr'><strong>ee]</strong></span> <span class='ocrx_word' id='word_1_253' title='bbox 817 2927 926 2982; x_wconf 59' lang='lat' dir='ltr'><strong>condat</strong></span> <span class='ocrx_word' id='word_1_254' title='bbox 940 2928 1007 2998; x_wconf 91' lang='lat' dir='ltr'>(W.)</span> <span class='ocrx_word' id='word_1_255' title='bbox 1022 2929 1124 2984; x_wconf 80' lang='lat' dir='ltr'><strong>autne</strong></span> <span class='ocrx_word' id='word_1_256' title='bbox 1138 2934 1169 2986; x_wconf 78' lang='lat' dir='ltr'><strong>ei</strong></span> <span class='ocrx_word' id='word_1_257' title='bbox 1182 2951 1209 2987; x_wconf 83' lang='lat' dir='ltr'><strong>a.</strong></span> 
     </span>
     <span class='ocr_line' id='line_1_31' title="bbox 240 2994 1208 3119; baseline 0.01 -72"><span class='ocrx_word' id='word_1_258' title='bbox 240 2994 315 3119; x_wconf 51' lang='lat' dir='ltr'><strong>gib).</strong></span> <span class='ocrx_word' id='word_1_259' title='bbox 360 3009 395 3048; x_wconf 77' lang='lat' dir='ltr'><strong>m</strong></span> <span class='ocrx_word' id='word_1_260' title='bbox 417 3011 442 3049; x_wconf 82' lang='lat' dir='ltr'><strong>a.</strong></span> <span class='ocrx_word' id='word_1_261' title='bbox 465 2995 560 3066; x_wconf 78' lang='lat' dir='ltr'><strong>vulgo.</strong></span> <span class='ocrx_word' id='word_1_262' title='bbox 608 3002 632 3050; x_wconf 80' lang='grc'><strong>7.</strong></span> <span class='ocrx_word' id='word_1_263' title='bbox 659 2995 831 3064; x_wconf 78' lang='lat' dir='ltr'><strong>†taberem,</strong></span> <span class='ocrx_word' id='word_1_264' title='bbox 849 2998 985 3052; x_wconf 66' lang='lat' dir='ltr'><strong>Mendes</strong></span> <span class='ocrx_word' id='word_1_265' title='bbox 1003 2997 1115 3067; x_wconf 73' lang='lat' dir='ltr'><strong>(uui,</strong></span> <span class='ocrx_word' id='word_1_266' title='bbox 1137 3001 1208 3072; x_wconf 86' lang='lat' dir='ltr'>W.).</span> 
     </span>
    </p>

    <p class='ocr_par' dir='ltr' id='par_1_5' title="bbox 220 3064 1266 3630">
     <span class='ocr_line' id='line_1_32' title="bbox 294 3064 1209 3141; baseline 0.005 -22"><span class='ocrx_word' id='word_1_267' title='bbox 294 3080 372 3130; x_wconf 66' lang='lat' dir='ltr'><strong>ereum</strong></span> <span class='ocrx_word' id='word_1_268' title='bbox 389 3064 560 3120; x_wconf 58' lang='lat' dir='ltr'><strong>mutarem</strong></span> <span class='ocrx_word' id='word_1_269' title='bbox 577 3065 645 3135; x_wconf 84' lang='lat' dir='ltr'><strong>(W.)</strong></span> <span class='ocrx_word' id='word_1_270' title='bbox 665 3070 716 3121; x_wconf 88' lang='lat' dir='ltr'><strong>eut</strong></span> <span class='ocrx_word' id='word_1_271' title='bbox 732 3067 854 3134; x_wconf 80' lang='lat' dir='ltr'><strong>babeam,</strong></span> <span class='ocrx_word' id='word_1_272' title='bbox 872 3068 1009 3123; x_wconf 80' lang='lat' dir='ltr'><strong>deturbem</strong></span> <span class='ocrx_word' id='word_1_273' title='bbox 1026 3067 1078 3137; x_wconf 68' lang='lat' dir='ltr'><strong>(In,</strong></span> <span class='ocrx_word' id='word_1_274' title='bbox 1093 3070 1152 3141; x_wconf 91' lang='grc' dir='ltr'>Β.).</span> <span class='ocrx_word' id='word_1_275' title='bbox 1172 3103 1209 3114; x_wconf 92' lang='grc'><strong>-</strong></span> 
     </span>
     <span class='ocr_line' id='line_1_33' title="bbox 240 3133 1209 3207; baseline 0.009 -18"><span class='ocrx_word' id='word_1_276' title='bbox 240 3135 366 3190; x_wconf 81' lang='lat' dir='ltr'><strong>mehercle</strong></span> <span class='ocrx_word' id='word_1_277' title='bbox 384 3133 452 3204; x_wconf 75' lang='lat' dir='ltr'><strong>(bi).</strong></span> <span class='ocrx_word' id='word_1_278' title='bbox 487 3136 824 3205; x_wconf 55' lang='lat' dir='ltr'><strong>selemselitanus.</strong></span> <span class='ocrx_word' id='word_1_279' title='bbox 861 3143 885 3193; x_wconf 88' lang='lat'><strong>8.</strong></span> <span class='ocrx_word' id='word_1_280' title='bbox 914 3143 1066 3207; x_wconf 70' lang='lat' dir='ltr'><strong>†querere,</strong></span> <span class='ocrx_word' id='word_1_281' title='bbox 1085 3141 1112 3194; x_wconf 77' lang='lat' dir='ltr'><strong>a·</strong></span> <span class='ocrx_word' id='word_1_282' title='bbox 1130 3145 1209 3198; x_wconf 78' lang='lat' dir='ltr'><strong>ecies</strong></span> 
     </span>
     <span class='ocr_line' id='line_1_34' title="bbox 242 3204 1266 3282; baseline 0.012 -25"><span class='ocrx_word' id='word_1_283' title='bbox 242 3204 328 3271; x_wconf 72' lang='lat' dir='ltr'><strong>(MR,</strong></span> <span class='ocrx_word' id='word_1_284' title='bbox 337 3204 403 3273; x_wconf 90' lang='lat' dir='ltr'><strong>W.).</strong></span> <span class='ocrx_word' id='word_1_285' title='bbox 429 3220 546 3274; x_wconf 75' lang='lat' dir='ltr'><strong>querere,</strong></span> <span class='ocrx_word' id='word_1_286' title='bbox 559 3207 585 3260; x_wconf 81' lang='lat' dir='ltr'><strong>ei</strong></span> <span class='ocrx_word' id='word_1_287' title='bbox 597 3207 664 3261; x_wconf 81' lang='lat' dir='ltr'><strong>ecies</strong></span> <span class='ocrx_word' id='word_1_288' title='bbox 673 3207 740 3276; x_wconf 87' lang='lat' dir='ltr'>(W.)</span> <span class='ocrx_word' id='word_1_289' title='bbox 751 3211 801 3261; x_wconf 87' lang='lat' dir='ltr'><strong>aut</strong></span> <span class='ocrx_word' id='word_1_290' title='bbox 813 3223 935 3277; x_wconf 70' lang='lat' dir='ltr'><strong>pomero,</strong></span> <span class='ocrx_word' id='word_1_291' title='bbox 944 3210 971 3263; x_wconf 82' lang='lat' dir='ltr'><strong>ei</strong></span> <span class='ocrx_word' id='word_1_292' title='bbox 982 3210 1055 3264; x_wconf 79' lang='lat' dir='ltr'><strong>scius</strong></span> <span class='ocrx_word' id='word_1_293' title='bbox 1066 3210 1145 3280; x_wconf 80' lang='lat' dir='ltr'><strong>(Me,</strong></span> <span class='ocrx_word' id='word_1_294' title='bbox 1156 3214 1208 3282; x_wconf 91' lang='grc' dir='ltr'>Β.).</span> <span class='ocrx_word' id='word_1_295' title='bbox 1265 3259 1266 3270; x_wconf 69' lang='grc'>,</span> 
     </span>
     <span class='ocr_line' id='line_1_35' title="bbox 220 3274 1209 3344; baseline 0.009 -16"><span class='ocrx_word' id='word_1_296' title='bbox 220 3275 331 3329; x_wconf 77' lang='lat' dir='ltr'><strong>--e’e</strong></span> <span class='ocrx_word' id='word_1_297' title='bbox 369 3274 655 3342; x_wconf 76' lang='lat' dir='ltr'><strong>uitee&#39;se&#39;eueciie</strong></span> <span class='ocrx_word' id='word_1_298' title='bbox 681 3277 868 3344; x_wconf 74' lang='lat' dir='ltr'><strong>firmissimum</strong></span> <span class='ocrx_word' id='word_1_299' title='bbox 893 3283 979 3344; x_wconf 70' lang='lat' dir='ltr'><strong>teum,</strong></span> <span class='ocrx_word' id='word_1_300' title='bbox 1006 3295 1052 3334; x_wconf 83' lang='lat' dir='ltr'><strong>ces</strong></span> <span class='ocrx_word' id='word_1_301' title='bbox 1078 3296 1209 3337; x_wconf 63' lang='lat' dir='ltr'><strong>oao—</strong></span> 
     </span>
     <span class='ocr_line' id='line_1_36' title="bbox 241 3344 1266 3424; baseline 0.008 -25"><span class='ocrx_word' id='word_1_302' title='bbox 241 3344 337 3414; x_wconf 73' lang='lat' dir='ltr'><strong>rapae</strong></span> <span class='ocrx_word' id='word_1_303' title='bbox 406 3347 1208 3424; x_wconf 54' lang='lat' dir='ltr'><strong>per....eeei-e0u(MR1.,sedentemque).</strong></span> <span class='ocrx_word' id='word_1_304' title='bbox 1265 3387 1266 3416; x_wconf 61' lang='lat'><strong>,</strong></span> 
     </span>
     <span class='ocr_line' id='line_1_37' title="bbox 330 3416 1266 3556; baseline 0.009 -15.211"><span class='ocrx_word' id='word_1_305' title='bbox 330 3416 1076 3556; x_wconf 58' lang='lat' dir='ltr'><strong>usuuecuuuuuuuue</strong></span> <span class='ocrx_word' id='word_1_306' title='bbox 1100 3422 1207 3548; x_wconf 56' lang='lat' dir='ltr'><strong>ur</strong></span> <span class='ocrx_word' id='word_1_307' title='bbox 1265 3431 1266 3520; x_wconf 60' lang='lat' dir='ltr'><strong>i</strong></span> 
     </span>
     <span class='ocr_line' id='line_1_38' title="bbox 240 3531 1206 3630; baseline 0.01 -20"><span class='ocrx_word' id='word_1_308' title='bbox 240 3570 298 3610; x_wconf 79' lang='lat' dir='ltr'><strong>eon</strong></span> <span class='ocrx_word' id='word_1_309' title='bbox 315 3556 399 3627; x_wconf 60' lang='grc' dir='ltr'><strong>(Ἦν</strong></span> <span class='ocrx_word' id='word_1_310' title='bbox 434 3557 498 3624; x_wconf 78' lang='lat' dir='ltr'><strong>†e&#39;e</strong></span> <span class='ocrx_word' id='word_1_311' title='bbox 515 3574 540 3627; x_wconf 78' lang='lat' dir='ltr'><strong>q.</strong></span> <span class='ocrx_word' id='word_1_312' title='bbox 558 3558 590 3612; x_wconf 78' lang='lat' dir='ltr'><strong>ie</strong></span> <span class='ocrx_word' id='word_1_313' title='bbox 611 3574 640 3613; x_wconf 85' lang='lat' dir='ltr'><strong>u.</strong></span> <span class='ocrx_word' id='word_1_314' title='bbox 657 3559 680 3624; x_wconf 79' lang='lat' dir='ltr'><strong>f.</strong></span> <span class='ocrx_word' id='word_1_315' title='bbox 698 3563 717 3613; x_wconf 82' lang='lat' dir='ltr'><strong>t.</strong></span> <span class='ocrx_word' id='word_1_316' title='bbox 734 3531 833 3616; x_wconf 68' lang='lat' dir='ltr'><strong>eeeo&#39;l.</strong></span> <span class='ocrx_word' id='word_1_317' title='bbox 851 3566 902 3629; x_wconf 84' lang='lat' dir='ltr'><strong>eet,</strong></span> <span class='ocrx_word' id='word_1_318' title='bbox 919 3577 973 3630; x_wconf 78' lang='lat' dir='ltr'><strong>per</strong></span> <span class='ocrx_word' id='word_1_319' title='bbox 1050 3575 1072 3616; x_wconf 80' lang='lat' dir='ltr'><strong>e.</strong></span> <span class='ocrx_word' id='word_1_320' title='bbox 1091 3579 1155 3619; x_wconf 72' lang='lat' dir='ltr'><strong>eon</strong></span> <span class='ocrx_word' id='word_1_321' title='bbox 1172 3566 1206 3620; x_wconf 90' lang='grc' dir='ltr'><strong>Β.</strong></span> 
     </span>
    </p>
   </div>
   <div class='ocr_carea' id='block_1_5' title="bbox 0 0 1294 3982">
    <p class='ocr_par' dir='ltr' id='par_1_6' title="bbox 0 0 1294 3982">
     <span class='ocr_line' id='line_1_39' title="bbox 0 0 1294 3982; baseline 0 0"><span class='ocrx_word' id='word_1_322' title='bbox 0 0 1294 3982; x_wconf 95' lang='lat' dir='ltr'><strong> </strong></span> 
     </span>
    </p>
   </div>
  </div>
 </body>
</html>
