2556 3986
238 206 305 271 534
519 205 557 260 M.
577 204 701 259 TULLII
719 203 910 260 CICERONIS

239 357 325 423 Non.
357 355 441 421 Nov.
494 355 574 419 Inde
607 358 683 419 ante
715 357 819 420 lucem
850 355 1110 439 proficiscentes
1147 359 1222 418 ante

240 446 325 511 diem
348 461 418 509 vm.
441 444 517 509 Idus
540 443 622 508 Nov.
649 443 709 507 has
736 444 860 508 litteras
883 444 1046 508 dedimus.
1101 443 1176 528 Tu,
1198 445 1222 507 si

240 556 300 599 nos
324 554 436 598 omnes
454 554 543 596 amas
562 535 595 596 et
613 531 784 615 praecipue
802 552 862 614 me,
884 533 1093 616 magistrum
1116 535 1221 613 tuum,

206 622 395 686 roonfirme
418 623 459 684 te.
504 619 577 705 Ego
605 619 697 684 valde
721 641 876 703 suspenso
904 621 1019 684 animo
1046 626 1220 704 exspecto,

240 711 380 794 primum
402 711 435 771 te
458 708 592 790 seilicet,
619 706 733 771 deinde
755 706 934 772 Marionem
957 729 1038 772 oum
1067 710 1148 773 tuis
1172 710 1219 772 lit

240 799 327 862 teris.
372 794 491 860 Omnes
519 796 678 880 cupimus,
705 815 766 879 ego
794 797 830 859 in
856 794 982 880 primis,
1012 817 1129 880 quam
1158 797 1216 881 pri·

241 907 330 949 mum
352 887 389 948 te·
408 883 523 967 videre,
546 884 611 966 sed,
633 884 677 946 mi
697 883 783 966 Tiro,
801 885 975 965 valentem
999 905 1116 967 quare
1137 885 1216 950 nihil

241 972 436 1056 properaris:
461 972 538 1036 satis
562 972 625 1035 oito
648 974 681 1034 te
704 971 823 1054 videro,
846 972 872 1035 si
894 971 1030 1036 valebis,
1076 971 1214 1038 Utilite-

241 1061 328 1125 tibus
350 1061 415 1124 tuis
437 1081 569 1144 possum
592 1080 711 1123 carere:
740 1062 773 1122 te
795 1061 901 1124 volere
927 1063 987 1122 tuo
1014 1081 1132 1126 eausa
1155 1063 1213 1146 pri-
1247 1107 1248 1122 ,

242 1170 330 1214 mum
353 1149 437 1232 volo,
459 1151 528 1212 tum
551 1167 631 1230 meo,
653 1148 698 1210 mi
721 1147 806 1212 Tiro.
852 1147 942 1212 Vale.

690 1339 747 1404 IV.

384 1450 442 1506 Sor.
461 1450 589 1507 Leucade
607 1451 668 1506 VH.
686 1450 752 1505 Idus
766 1450 838 1506 Nor.
857 1467 882 1505 o.
901 1469 927 1506 n.
947 1468 969 1505 o.
992 1457 1059 1506 704.

244 1572 398 1628 TULLIUS
417 1572 543 1630 TIRONI
563 1574 630 1630 SUO
646 1573 721 1628 SAL.
740 1573 845 1628 PLUR.
859 1573 928 1628 DIC.
943 1573 991 1627 ET
1006 1573 1155 1632 CICERO
1171 1577 1210 1630 ET
1247 1631 1248 1638 ,

537 1645 569 1712 Q.
587 1644 735 1700 FRATER
752 1643 800 1698 ET
820 1645 851 1710 Q.
871 1645 902 1698 F.
1247 1641 1248 1646 ’

210 1759 225 1809 1
311 1744 408 1809 Varie
428 1766 498 1810 sum
517 1745 650 1809 effeetus
672 1745 737 1809 tuis
756 1745 884 1808 litteris:
907 1744 1000 1808 valde
1018 1745 1142 1828 priore
1161 1767 1210 1830 ps·

245 1833 321 1918 gina
347 1835 567 1918 perturbatus,
594 1833 738 1917 paullum
766 1833 869 1897 altere
894 1835 1075 1898 recreatus:
1113 1855 1208 1918 quare

244 1943 331 1985 nune
354 1922 482 2005 quidem
504 1943 571 1986 non
590 1921 711 2004 dubito,
735 1922 821 2004 quin,
844 1921 949 2004 quoad
967 1921 1067 2004 plene
1090 1924 1208 2003 valeas,

244 2014 277 2074 te
303 2031 407 2093 neque
434 2010 636 2094 navigationi
662 2030 767 2092 neque
794 2010 865 2073 vioe
894 2009 1096 2074 eommIttas:
1134 2011 1206 2075 satis

245 2101 278 2163 te
299 2101 424 2162 mature
447 2098 566 2181 videro,
589 2098 615 2161 si
637 2099 733 2180 plene
752 2097 976 2162 confirmatum
996 2096 1124 2162 videro.
1164 2099 1206 2163 De

245 2186 368 2251 medioo
401 2190 433 2251 et
462 2189 500 2251 tu
531 2186 613 2250 bene
645 2185 822 2250 existimari
853 2185 966 2250 scribis
998 2188 1031 2248 et
1065 2205 1133 2270 ego
1167 2187 1204 2250 sie

246 2274 355 2357 eudi03
387 2274 441 2338 sed
468 2275 565 2357 plone
597 2274 778 2338 curationes
810 2273 878 2337 eins
910 2293 978 2336 non
1005 2273 1131 2356 prob03
1161 2275 1203 2338 ius

246 2362 332 2426 enim
363 2361 504 2425 dandum
536 2362 597 2426 tibi
627 2383 695 2426 non
726 2361 802 2445 fuit,
826 2382 924 2445 quum
954 2355 1203 2446 κακοστόμαχος

212 2448 569 2620 stritttrfflt
591 2449 825 2602 tiettiiti
853 2449 1202 2603 {tititfflini

473 2585 480 2598 ⁹
822 2587 831 2621 7

247 2645 322 2689 nem
336 2627 369 2688 et
382 2624 498 2688 summi
517 2624 614 2688 officii
633 2646 838 2709 summaeque
856 2624 1080 2707 humanitatis,
1102 2627 1200 2690 multe

248 2713 369 2798 scripsi,
391 2713 426 2776 in
448 2712 488 2777 iis
511 2713 621 2796 etiam,
644 2716 694 2796 ut,
717 2713 744 2777 si
765 2713 826 2777 tibi
849 2712 1024 2794 videretur,
1045 2715 1081 2775 te
1106 2714 1150 2777 ad
1173 2735 1199 2777 se

246 2801 412 2884 traferret3
434 2799 520 2884 Lyso
543 2801 629 2866 enim
652 2805 764 2866 noster
785 2821 898 2866 vereor
919 2821 960 2863 ne
983 2799 1200 2884 negligentior

248 2888 302 2952 sit:
325 2889 473 2972 primum,
492 2890 567 2972 quia
586 2910 697 2954 omnes
711 2888 837 2972 Graeci3
860 2887 974 2952 deinde
988 2887 1086 2971 quod,
1106 2910 1199 2973 quum

248 2997 268 3040 a
294 2996 345 3039 me
371 2976 496 3040 litteras
524 2978 711 3060 accepisset,
739 2977 819 3041 mihi
845 2977 951 3040 nullos
978 2975 1118 3060 remisit3
1150 2977 1199 3042 sed

248 3085 321 3127 eum
343 3066 380 3127 tu
402 3063 527 3128 laudas:
550 3069 586 3129 tu
608 3065 717 3148 igtur,
740 3065 815 3149 quid
837 3064 1020 3128 faciendum
1044 3063 1103 3148 sit,
1124 3065 1198 3130 iudi-

248 3151 345 3214 cabis.
388 3149 486 3235 Illud,
509 3152 553 3216 mi
576 3151 667 3236 Tiro,
693 3156 726 3218 te
747 3173 842 3238 rogo,
870 3155 1002 3235 sumptu
1024 3172 1066 3216 ne
1090 3175 1198 3236 pereas

320 3291 370 3360 Ep.
389 3297 419 3357 3,
441 3297 463 3345 1.
495 3291 575 3354 Non,
593 3289 678 3353 Noe„
695 3303 723 3339 o:
742 3286 831 3341 Nonis
844 3282 1048 3339 Novembribus
1066 3279 1131 3349 (V.).
1158 3297 1199 3334 no·

250 3376 303 3414 noe
319 3361 469 3416 novenbris
490 3359 529 3413 M.
565 3359 663 3412 Nonae
680 3356 843 3409 Novembres
859 3355 890 3408 Β.
909 3353 1030 3406 -satis
1049 3352 1199 3420 propiorque

253 3435 277 3482 te
294 3430 339 3485 die
356 3431 500 3499 (Krouse)?
523 3445 545 3482 ε.
568 3428 666 3482 cotidie
682 3425 719 3480 M.
738 3441 760 3478 8.
779 3426 831 3478 otto
854 3429 880 3477 te
897 3422 980 3490 (ΕΜ,
998 3421 1044 3476 W.
1064 3421 1095 3503 et
1112 3421 1153 3502 It.)
1172 3450 1198 3460 -
1238 3479 1239 3484 ¹

249 3500 346 3567 profic.
369 3504 433 3552 aene
454 3499 525 3551 diem
543 3497 617 3564 (W.).
638 3513 678 3564 p„
700 3512 726 3548 a.
750 3495 776 3548 d.
794 3494 826 3547 B.
861 3493 962 3561 nne.
987 3499 1011 3544 1.
1047 3490 1159 3544 Ittteno:
1180 3507 1199 3543 o.
1238 3497 1239 3502 ’

255 3567 368 3637 (vulgo).
400 3569 428 3633 t,
445 3583 470 3620 o.
488 3565 519 3619 B.
551 3569 576 3617 2.
594 3563 779 3618 tertineriam
796 3563 870 3631 (W.).
897 3563 929 3614 tn
946 3562 989 3614 his
1007 3577 1028 3614 e.
1047 3559 1095 3627 M„
1114 3560 1199 3629 vulgo.
