2644 3988
408 244 667 300 EPISTOLARUM
685 245 719 299 x.
738 251 781 300 aa.
801 251 843 300 aa,
1043 241 1108 308 339

148 390 391 476 legionibus-
406 411 542 474 quorum
565 391 637 475 quis
659 391 760 455 ullam
781 389 880 456 finem
899 393 957 455 aut
977 389 1109 454 modum

148 479 296 544 firtumm
318 478 470 563 putabit?
493 515 550 562 -,
572 479 831 544 incitatissimam
857 479 990 562 retinui,
1012 499 1108 564 aegre

148 567 358 651 mehercules,
380 587 440 632 nec
459 567 672 652 retinuissem,
695 567 722 632 si
740 588 807 633 uno
825 568 896 632 loco
915 567 1109 651 habuissem,

149 659 249 740 upote
273 677 373 740 quum
396 656 543 741 singulae
566 656 724 740 quaedam
747 655 895 722 cohortes
919 655 1109 720 seditionem

149 745 296 809 fecerint.
331 743 485 828 Reliquas
509 765 636 829 quoque
657 744 803 830 legiones
825 765 895 809 non
912 743 1037 810 destitit
1057 743 1109 807 lit

149 833 230 897 teris
253 836 350 917 atque
376 832 513 897 infinitis
540 832 828 918 pollicitationibus
850 833 995 898 incitare.
1040 831 1110 896 Nec

149 942 228 986 vcro
259 921 367 986 minus
393 921 532 1005 Lepidus
563 921 647 986 ursit
676 943 728 986 me
760 925 794 986 et
824 922 890 986 suis
917 926 951 986 et
972 920 1110 986 Antonii

149 1010 281 1094 litteris,
308 1012 346 1074 ut
367 1010 530 1096 legionem
552 1009 656 1075 XXX.
683 1010 844 1074 mitterem
871 1010 941 1074 eibi.
985 1008 1144 1094 laquea

150 1119 247 1183 quem
271 1098 445 1163 exereitum
466 1119 572 1182 neque
594 1098 733 1164 rendere
755 1099 830 1163 ullis
852 1099 1003 1182 praemiis
1022 1099 1110 1164 volui

150 1207 212 1252 nec
235 1207 346 1252 eorum
368 1187 586 1271 periculorum
607 1190 708 1272 metu,
736 1209 817 1270 quae
844 1186 1020 1252 victoribus
1046 1187 1110 1250 illis

149 1275 436 1360 portendebantur,
454 1275 648 1361 deminuere,
665 1275 788 1341 debetis
807 1275 988 1340 existimare
1005 1279 1110 1340 reten-

149 1367 223 1429 tum
254 1367 288 1429 et
318 1368 545 1431 conservatum
567 1364 614 1428 rei
640 1364 788 1450 publicae
821 1385 903 1450 esse,
936 1367 1032 1449 atque
1063 1365 1110 1428 ita

151 1453 295 1538 credere,
329 1472 392 1526 cae,
423 1453 645 1538 quodcumque
681 1454 913 1538 imperassetis,
947 1453 1111 1517 facturum

150 1541 266 1626 fnisse,
289 1541 331 1626 si,
352 1542 438 1626 quod
465 1541 618 1627 iussistis,
643 1541 720 1607 feei:
748 1564 825 1606 nam
852 1545 885 1607 et
910 1542 1112 1626 provinciam

150 1631 187 1695 in
210 1631 278 1697 otio
305 1633 339 1695 et
361 1631 535 1696 exereitum
559 1631 597 1696 in
623 1653 696 1696 mea
721 1634 884 1715 potestate
908 1632 1013 1715 tenui3
1039 1630 1110 1695 fini·

151 1717 214 1783 bus
235 1739 327 1785 meae
348 1719 533 1804 provinciae
550 1741 712 1804 nusquam
730 1720 863 1803 excessi3
885 1719 1021 1784 militem
1043 1739 1111 1785 non

151 1807 249 1873 modo
263 1808 487 1894 legionarium,
505 1807 561 1873 sed
580 1829 621 1872 ue
640 1808 843 1873 auxiliarium
861 1806 990 1892 quidem
1008 1809 1112 1872 ullum

152 1917 317 1981 quoquam
334 1897 408 1962 misi
427 1901 468 1981 ct,
491 1897 519 1962 si
537 1897 617 1980 quos
636 1896 759 1980 equites
778 1896 977 1962 discedentes
996 1900 1111 1959 nactus

153 2005 240 2070 ew,
262 1986 419 2071 supplicio
443 1985 547 2050 affecit
575 2006 712 2069 quarum
738 2006 845 2049 rerum
867 1985 1010 2048 fructum
1032 1985 1111 2049 satis

152 2093 310 2160 magnum
336 2095 372 2138 re
398 2074 529 2160 publica
555 2074 646 2139 salva
671 2072 783 2138 tulisse
805 2093 857 2138 me
884 2072 1020 2156 putab03
1047 2072 1112 2156 sed,

152 2183 205 2227 res
228 2163 358 2248 publica
380 2163 408 2228 si
430 2183 481 2228 me
505 2162 584 2228 satis
610 2162 755 2227 novisset
782 2164 816 2226 et
841 2161 944 2226 maior
966 2181 1041 2245 pars
1064 2182 1111 2224 se·

152 2255 265 2336 natus,
291 2252 429 2318 maiores
456 2273 495 2317 ex
517 2271 568 2316 me
594 2251 719 2316 fructus
740 2250 877 2315 tulisset
921 2248 1112 2335 Epistolam,
1201 2327 1206 2332 ι

153 2361 253 2425 quam
275 2340 394 2425 Balbo,
416 2361 515 2424 quum
536 2340 635 2406 etiam
656 2339 801 2404 nuncin
826 2338 993 2423 provincia
1018 2341 1112 2421 esset,

154 2429 283 2514 scripsi,
312 2429 485 2516 legendam
515 2428 576 2494 tibi
601 2429 688 2512 misi;
719 2427 818 2493 etiam
844 2431 1058 2512 praetextam,
1085 2428 1113 2491 si

153 2518 244 2584 roles
266 2519 383 2604 legere,
405 2516 534 2583 Gallum
557 2514 755 2602 Cornelium,
781 2515 974 2581 familiarem
995 2537 1112 2601 meum,

154 2607 290 2692 poscito.
335 2621 383 2670 vl.
405 2605 483 2672 Idus
504 2604 626 2691 Iunias,
648 2603 807 2672 Corduba.

554 2798 710 2866 XXXIII.

158 2912 215 2968 Ser.
239 2911 270 2968 in
291 2912 431 2984 Hispania
452 2912 586 3054 ulteIEipre
607 2911 839 3037 ineuntesspnense
861 2912 942 2968 Iunio
966 2913 1043 2982 (ante
1063 2911 1111 2967 VI.

537 3024 543 3036 .
574 2999 598 3038 a.
617 3001 645 3037 u.
664 2999 687 3037 c.
761 3024 767 3038 .

364 3107 495 3164 POLLIO
515 3105 686 3164 CICERONI
705 3104 779 3162 SAL.
799 3105 903 3162 Paua.

224 3205 255 3274 S.
278 3229 307 3272 v.
329 3207 360 3274 b.
383 3230 409 3273 e.
432 3230 458 3274 e.
482 3231 511 3292 q.
533 3230 563 3272 r.
612 3206 683 3283 Quo
709 3206 834 3274 tardius
861 3206 977 3270 certior
1002 3204 1147 3270 fieremr

156 3296 196 3362 de
224 3296 354 3381 proeliis
387 3296 472 3381 apud
500 3295 660 3361 Mutinam
690 3295 799 3379 factis,
830 3292 971 3377 Lepidus
1001 3292 1113 3377 effecit,

228 3453 281 3524 Ep,
299 3460 347 3521 aa,
361 3459 386 3507 4.
432 3453 481 3522 lap.
506 3452 602 3506 XXX
626 3451 694 3521 (m).
740 3452 787 3521 lap.
806 3449 990 3506 Maeuianam
1016 3449 1111 3520 vulgo.

157 3531 183 3580 ὁ.
211 3525 329 3591 medua,
346 3541 400 3592 me,
417 3525 512 3594 quode.
532 3564 554 3576 ..
573 3523 712 3590 fracturum
729 3522 750 3589 s.
770 3521 845 3592 (W.).
881 3536 928 3587 cr,
946 3537 970 3590 q.
991 3561 1015 3576 ..
1033 3520 1054 3588 f.
1073 3535 1114 3575 me

157 3597 178 3663 f.
198 3595 253 3664 Or,
271 3595 301 3649 B.
322 3626 355 3636 -
374 3595 536 3651 decederes
554 3591 631 3663 (On).
667 3593 816 3649 &emulis
833 3591 879 3659 M,
897 3591 992 3662 vulgo.

846 3681 900 3733 22*
