2556 3986
293 179 552 236 EPISTOLARUM
565 180 615 236 AD
630 179 662 246 Q.
676 179 853 236 FRATREM
867 181 888 235 l.
902 187 928 236 l.
1024 181 1088 246 577

201 322 297 390 Nunc
323 324 524 409 respondebo
553 324 595 392 ad
626 345 681 393 eas
709 325 875 410 epistolas,
903 329 982 410 quas
1010 317 1124 427 milri}

135 413 274 481 reddidit
295 411 330 477 L.
353 409 485 478 Caesius
498 447 541 460 -
555 413 615 496 cui,
638 413 791 497 quoniam
812 413 860 478 ita
883 417 916 478 te
939 415 1020 478 velle
1042 415 1089 480 in-

134 501 262 586 telligo,
284 501 373 568 nullo
396 501 467 566 loco
491 501 585 566 deero
608 525 665 584 -3
692 522 827 584 quarum
849 503 952 568 altera
979 505 1029 566 est
1051 502 1089 566 de

135 587 303 656 Bluudeno
323 585 471 674 Zeuxide,
492 610 587 672 quam
610 589 722 664 scribis
746 590 959 656 certissimum
981 589 1089 656 matri·

136 677 241 742 uidam
262 677 323 742 tibi
350 699 370 741 a
397 698 448 744 ma
475 676 587 742 intime
615 677 840 742 commendari.
890 676 961 753 Qua
988 677 1026 743 de
1055 699 1090 743 re

136 769 170 830 et
192 765 325 856 de‚hoc
356 785 473 850 genere
504 767 589 848 toto,
620 785 661 830 ne
692 765 776 830 forte
808 787 859 830 me
890 766 925 830 in
951 762 1089 832 Graecos

135 857 204 920 tam
218 851 424 932 ambitiosum
442 853 564 920 factum
578 873 648 918 esse
660 853 785 936 mirere,
801 873 905 938 pauca
922 875 1090 939 cognosce.

134 937 208 1026 Ego
232 963 331 1026 quum
349 938 544 1006 Graecorum
566 941 711 1025 querelas
734 941 870 1007 nimium
890 943 996 1007 ualere
1020 963 1088 1006 sen·

135 1030 230 1094 tirem
252 1033 386 1115 propter
411 1030 579 1094 hominum
606 1030 738 1114 ingenia
765 1029 806 1094 ad
832 1030 1009 1095 fallendum
1035 1051 1090 1114 pa

135 1121 220 1202 rata,
252 1139 469 1202 quoscumque
497 1117 536 1181 de
563 1120 596 1182 te
623 1118 713 1200 queri
740 1117 861 1201 audivi,
892 1139 1090 1201 quacumque

136 1207 229 1290 potui
250 1207 385 1288 ratione,
407 1205 542 1290 placari.
576 1203 722 1270 Primum
740 1203 1014 1289 Dionysopolitas,
1036 1207 1091 1289 qui

138 1297 231 1362 eraut
258 1293 482 1378 inimicissimi,
507 1293 618 1377 lenivi,
645 1314 781 1377 quorum
806 1294 984 1377 principem
1011 1291 1091 1358 Her-

137 1381 282 1466 mippum
304 1383 497 1448 nouaclum
522 1403 668 1449 sermone
691 1403 778 1465 meo,
801 1380 856 1446 sed
879 1383 977 1448 etiam
999 1381 1091 1448 fami·

136 1467 277 1550 liuritate
298 1470 437 1556 devinxi,
459 1491 521 1556 ego
534 1469 752 1554 Apamensem
770 1467 1012 1555 Hephaestium,
1030 1490 1090 1555 ego

136 1559 334 1624 levissimum
356 1559 529 1643 hominem,
551 1557 763 1644 Megaristum
780 1556 1008 1642 Antandrium,
1030 1578 1102 1643 ego

136 1642 265 1712 Niciam
284 1645 503 1732 Smyrnaeum,
525 1667 585 1730 ego
608 1668 713 1731 nugas
731 1647 886 1710 maximas
909 1647 998 1712 omni
1020 1667 1092 1710 mea

138 1734 289 1799 comitate
312 1735 496 1816 complexus
519 1755 599 1816 sum,
621 1731 864 1817 Nymphontem
887 1735 985 1798 etiam
999 1731 1091 1798 Colo·

137 1820 308 1906 phouium:
340 1842 421 1905 quae
452 1821 514 1885 feci
547 1821 671 1903 onmia,
702 1841 770 1884 non
800 1841 864 1903 quo
896 1842 947 1884 me
975 1824 1032 1886 aut
1057 1820 1092 1885 hi

137 1909 285 1974 homines
317 1912 374 1974 aut
399 1911 470 1973 tota
495 1909 585 1973 natio
612 1907 797 1972 delectaret:
829 1911 1012 1991 pertaesum
1043 1913 1093 1974 est

137 1997 293 2081 levitatis,
319 1996 561 2078 assentationis,
588 1996 770 2060 animorum
791 2017 859 2062 non
882 1996 1010 2079 officiis,
1037 1997 1092 2060 sed

137 2085 337 2170 temporibus
360 2085 575 2150 servientium.
620 2082 692 2167 Sed,
714 2087 751 2148 ut
773 2083 813 2148 ad
836 2081 967 2148 Zeuxim
988 2105 1119 2150 rever-a

137 2177 199 2256 tar,
222 2195 320 2258 quum
343 2173 370 2237 is
394 2172 432 2237 de
455 2172 499 2236 M.
513 2169 661 2237 Cascellii
679 2191 824 2237 sermone
844 2192 951 2236 ascum
970 2171 1092 2255 habito,

138 2283 221 2346 quae
243 2265 279 2327 tu
303 2260 425 2344 scribis,
447 2281 485 2326 ea
507 2261 578 2345 ipsa
598 2261 791 2344 loqueretur,
813 2259 924 2325 obstiti
942 2261 1010 2324 eius
1029 2279 1092 2324 ser-

137 2350 227 2414 moni
258 2353 292 2414 et
321 2348 486 2428 hominem
512 2349 548 2412 in
579 2348 832 2414 familiaritatem
859 2348 973 2432 recepi.
1022 2347 1093 2412 Tua

137 2442 246 2503 autem
278 2459 360 2522 quae
391 2437 490 2502 fuerit
521 2437 679 2520 cupiditas
710 2440 816 2520 tanta,
851 2437 975 2520 nescio,
1006 2436 1092 2520 quod

137 2527 251 2592 scribis
279 2526 405 2610 cupisse
432 2529 478 2608 te,
506 2525 659 2610 quonium
686 2523 841 2608 Smyrnae
874 2524 954 2590 duos
981 2522 1092 2608 Mysos
1194 2565 1204 2578 ·

137 2613 290 2680 insuisses
313 2615 349 2678 in
371 2614 518 2696 culleum,
541 2613 643 2678 simile
666 2613 701 2676 in
719 2613 883 2696 superiore
905 2615 996 2696 parte
1018 2633 1091 2695 pro-

137 2702 260 2768 vinciae
283 2702 376 2766 edere
403 2701 584 2784 exemplum
607 2700 785 2766 severitatis
812 2703 887 2764 tuac
915 2699 1091 2766 etidcirco

137 2787 270 2854 Zeuxim
293 2791 404 2855 elicere
428 2789 517 2854 omni
539 2789 664 2853 ratione
687 2787 825 2851 voluisse
848 2786 975 2864 †ultra
997 2807 1093 2870 quem

137 2877 311 2942 adductum
342 2878 378 2942 in
408 2877 561 2942 iudicium
592 2876 729 2940 fortasse
761 2873 880 2939 dimitti
908 2896 976 2940 uon
998 2897 1092 2959 opor-

136 2969 253 3050 tuerat,
272 2966 418 3050 conquiri
436 2985 511 3030 vero
530 2968 564 3030 et
581 2964 653 3028 elici
670 2962 845 3045 blanditiis,
862 2964 900 3028 ut
916 2965 953 3028 tu
971 2961 1093 3047 scribis,

208 3157 259 3228 Ep.
279 3163 308 3227 2,
327 3163 352 3212 4.
393 3157 585 3226 Apamensem
612 3155 698 3223 (W.)?
726 3185 759 3196 -
792 3152 987 3224 Hephaestiam
1014 3151 1093 3223 (On).

136 3227 289 3312 Ephesium
315 3227 400 3310 ldltl.
437 3227 623 3296 Hephaestum
640 3225 724 3294 Man,
742 3224 774 3280 Β.
798 3255 831 3264 -
851 3225 915 3278 del:
937 3227 1094 3292 pertaesum

136 3339 167 3424 u
184 3303 391 3435 uttttlttl
408 3297 483 3422 dd
498 3295 687 3434 trucul·
703 3309 918 3420 ,cutm
936 3293 1095 3446 {reddet

136 3440 213 3494 ultra
231 3455 308 3508 quera
325 3438 435 3507 (ΜΝ).
471 3454 495 3492 v.
514 3439 601 3502 ultro,
618 3453 695 3506 quem
719 3435 775 3504 (u,
794 3438 827 3489 ut
845 3450 898 3506 ego
916 3434 1012 3502 olim)?
1049 3434 1093 3488 An

135 3525 176 3577 aa,
194 3525 218 3578 p.
301 3508 427 3578 conquiri
439 3522 501 3563 uero
519 3509 591 3562 ultro
610 3511 635 3561 et
653 3505 740 3575 (W.)?
776 3522 811 3574 p,
828 3521 854 3576 p.
872 3505 932 3573 Ma,
949 3505 1042 3576 vulgo.

191 3596 305 3639 onerosus
319 3599 383 3646 sulec
395 3599 416 3640 1.
844 3599 878 3646 87
