2644 3988
379 227 639 284 EPISTOLARUM
656 228 717 283 XII.
737 235 778 284 15.
799 234 840 284 16.
1021 227 1085 292 399

129 370 228 456 quam
247 392 306 455 pro
325 374 437 438 nostro
456 373 627 439 veterrimo
645 373 873 458 verissimoque
892 394 1001 439 amore
1019 395 1086 439 orn·

129 460 226 524 nibus
240 460 305 524 tuis
320 460 418 525 etiam
435 461 577 525 minimis
595 461 780 546 commodis,
798 483 865 527 non
879 461 975 528 modo
992 465 1087 527 tanto

128 548 217 614 bono
246 547 413 634 gaudeam.
462 547 541 614 Noli
566 552 694 635 putare,
720 551 765 615 mi
793 549 918 635 Cicero,
944 572 995 616 me
1024 550 1087 616 hoc

129 636 262 702 auribus
285 637 350 702 tuis
373 637 463 702 darc:
485 637 567 702 nihil
590 638 792 704 adolescente
815 642 872 704 tuo
891 642 988 724 atque
1006 639 1087 704 adeo

128 729 243 790 nostro
258 761 300 772 --
314 725 397 790 nihil
411 726 496 791 enim
511 726 591 791 mihi
609 749 629 791 a
642 729 675 792 te
692 730 801 812 potest
819 749 888 794 esse
907 729 1087 793 seiunctum

130 849 173 860 -
198 816 255 878 aut
281 814 451 879 amabilius
483 815 633 880 omnibus
664 815 718 894 iis,
750 815 806 900 qui
830 815 970 882 Athenis
1002 818 1088 901 sunt,

130 905 180 967 est
203 905 260 966 aut
282 901 456 969 studiosius
483 924 595 969 earum
621 905 751 989 artium,
778 926 858 988 quas
886 907 922 970 tu
948 905 1087 970 maxime

130 1012 231 1076 amas,
252 989 315 1058 hoc
338 993 388 1056 est
415 991 618 1076 optimarum.
661 991 776 1078 Itaque
802 993 877 1078 tibi,
905 991 992 1078 quod
1013 1014 1087 1059 vere

129 1079 237 1144 facere
258 1101 400 1164 possum,
423 1080 561 1146 libenter
584 1101 710 1174 quoque
731 1082 878 1167 gratulor
898 1104 958 1147 nec
980 1083 1087 1146 minus

131 1167 230 1232 etiam
252 1168 357 1252 nobis,
379 1168 465 1253 quod
488 1189 571 1253 eum,
593 1189 688 1254 quem
710 1191 840 1235 necesse
858 1173 929 1235 erat
946 1170 1088 1256 diligere,

131 1256 372 1341 qualiscumque
390 1260 484 1342 esset,
500 1219 600 1322 talehn
617 1257 783 1337 habemus,
800 1261 838 1322 ut
853 1258 992 1324 libenter
1009 1280 1087 1343 quo·

131 1366 194 1429 que
222 1344 401 1431 diligamus.
451 1344 513 1421 Qui
541 1367 640 1430 quum
666 1345 782 1410 mihi'
772 1368 809 1410 m
835 1368 982 1412 sermone
1008 1347 1087 1412 inie-
1106 1357 1123 1406 1

131 1433 229 1498 cisset
256 1455 290 1498 se
317 1434 398 1500 uelle
420 1432 534 1498 Asiam
556 1435 672 1519 visere,
703 1455 772 1500 non
798 1434 893 1502 modo
922 1435 1088 1520 invitatus,

131 1521 188 1586 sed
207 1522 304 1586 etiam
322 1525 455 1608 rogatus
473 1525 561 1588 1111
579 1545 640 1606 111,
662 1523 749 1587 1111
768 1524 973 1607 potissimum
992 1524 1087 1590 nobis

131 1609 354 1676 obtinentibus
377 1611 576 1695 provinciam
597 1611 732 1695 faceret3
755 1612 806 1676 cui
823 1633 884 1678 nos
904 1616 936 1678 et
954 1613 1087 1678 caritate

131 1701 166 1762 et
188 1720 296 1764 amore
318 1703 411 1764 tuum
433 1699 576 1764 officium
592 1703 812 1784 praestaturos
829 1722 899 1767 non
917 1700 1013 1766 debes
1031 1701 1087 1766 du·

131 1787 245 1852 bibare.
280 1786 365 1853 Illud
384 1809 510 1872 quoque
533 1788 594 1852 erit
615 1788 710 1853 nobis
729 1809 833 1872 curae,
855 1792 894 1854 ut
915 1787 1087 1873 Cratippus

132 1896 200 1938 una
223 1896 294 1940 eum
316 1897 355 1941 1ο
378 1877 434 1954 sit,
460 1898 501 1941 ne
528 1879 622 1960 putes
650 1877 687 1940 in
712 1876 793 1940 Asia
818 1877 969 1942 feriatum
996 1878 1088 1942 illum

133 1962 176 2026 ab
198 1963 238 2028 iis
265 1963 393 2048 studiis,
419 1965 455 2028 in
483 1986 565 2049 quae
591 1967 649 2029 tua
676 1964 899 2030 cohortatione
925 1965 1088 2049 incitatur,

131 2051 292 2136 futurum3
318 2074 396 2117 nam
421 2053 513 2118 illum
535 2055 697 2136 peretum,
724 2055 762 2117 ut
783 2052 889 2138 video,
911 2057 946 2118 et
965 2053 1087 2139 ingres·

133 2163 206 2205 sum
228 2141 325 2225 pleno
348 2141 451 2227 gradu
474 2141 635 2206 cohortari
657 2163 726 2206 non
743 2141 1001 2226 intermittemus,
1023 2164 1087 2226 quo

132 2229 170 2293 in
193 2228 260 2293 dies
285 2230 415 2315 longius
438 2229 589 2294 discendo
608 2228 846 2314 exercendoque
869 2251 903 2296 se
925 2229 1087 2315 procedat.

133 2315 204 2381 Vos
227 2317 303 2402 quid
325 2318 463 2404 ageretis
485 2318 577 2382 inre
600 2318 738 2403 publica,
760 2340 859 2401 quum
881 2319 941 2384 has
962 2319 1087 2384 litteras
1106 2337 1124 2386 1

133 2405 260 2490 dabam,
278 2427 346 2472 non
360 2407 511 2472 sciebam:
535 2405 704 2471 audiebam
719 2407 876 2491 quaedam
893 2407 1088 2492 turbulenta,

134 2515 216 2578 quae
240 2494 362 2560 scilicet
384 2495 477 2579 cupio
504 2495 693 2581 1111111111,
719 2498 757 2560 ut
783 2496 956 2580 aliquando
984 2496 1088 2562 otiosa

132 2582 283 2650 libertate
314 2583 473 2666 fruamur3
509 2584 595 2668 quod
626 2585 678 2649 val
707 2584 840 2649 minime
871 2585 952 2649 mihi
983 2585 1088 2650 adhuc

134 2671 280 2757 contigit.
325 2670 398 2756 Ego
420 2674 530 2737 tamen
551 2675 667 2736 nactus
688 2672 725 2737 in
745 2672 954 2758 navigatione
976 2677 1088 2739 nostra

132 2759 287 2861 pusillum
309 2761 485 2825 laxamenti
507 2760 698 2826 concinnari
719 2760 780 2824 tibi
801 2761 1027 2826 munusculum
1049 2783 1088 2826 ex

133 2847 285 2914 instituto
307 2870 389 2932 meo,
411 2852 444 2913 et
429 2848 587 2914 tdictum
605 2869 678 2913 curn
696 2869 816 2933 magno
833 2852 946 2915 nostro
964 2849 1089 2916 honore

133 2958 155 3000 a
172 2940 205 3001 te
223 2937 345 3002 dietum
363 2937 506 3002 conclusi
523 2940 557 3001 et
573 2937 634 3001 tibi
650 2936 737 3001 iufra
755 2936 973 3022 subscripsi.'
963 2961 999 3003 ιιι
1020 2937 1088 3024 qui·

132 3025 195 3089 bus
221 3025 386 3091 versieulis
418 3026 446 3090 si
471 3025 532 3090 tibi
558 3024 751 3109 quibusdam
781 3026 887 3091 verbis
916 3020 1088 3107 εὐθυρρη-

133 3111 334 3193 cordevesos
347 3113 481 3179 videbor
480 3113 668 3198 ,turpitudo
681 3134 838 3198 personae
852 3115 929 3198 cius,
942 3113 978 3178 in
992 3137 1089 3198 quam

132 3200 265 3266 liberius
292 3201 487 3287 invehimur,
512 3223 573 3267 nos
599 3202 823 3287 vindicabit3'
814 3223 963 3288 ignosces
990 3203 1089 3268 etiam

132 3289 318 3354 iracundiae
345 3294 489 3376 nostrae,
514 3311 596 3373 quae
622 3291 709 3356 iusta
735 3291 846 3355 estin
873 3289 1030 3355 eiusmodi
1056 3294 1091 3355 ct

132 3377 282 3443 homines
313 3382 347 3443 et
377 3379 476 3463 ciucs3
505 3378 618 3444 deinde
651 3379 706 3462 qui
739 3379 843 3465 magis
874 3377 937 3444 hoc
964 3378 1089 3445 Lucilio

132 3466 261 3530 licuerit
296 3489 457 3532 assumere
491 3467 651 3532 libertatis
688 3490 785 3552 quam
820 3466 937 3532 nobis?
981 3489 1089 3553 quum,

133 3555 261 3620 etiamsi
283 3554 357 3619 odio
381 3556 451 3639 pari
473 3551 602 3620 fuerit
593 3576 629 3619 m
651 3576 706 3622 eos
711 3577 823 3641 ,quos
845 3555 951 3640 laesit,
977 3560 1089 3621 tamen
