2578 3982
216 232 282 297 632
502 231 538 285 Μ.
560 229 682 286 TULLII
700 227 891 286 CICERONIS

616 537 619 546 ·
666 495 723 562 Iv.

394 611 450 666 Ser.
465 611 569 664 Romae
585 610 630 664 IX.
646 610 706 664 Kal.
722 609 793 664 Nov.
808 626 833 664 a
848 627 875 664 n.
890 627 913 665 e.
930 616 990 664 700.
1035 657 1039 664 .

358 733 503 789 MARCUS
532 733 670 799 QUINTO
694 733 829 788 FRATRI
852 733 1034 788 SALUTEM.
1103 742 1107 748 '

188 859 202 898 r
284 833 439 917 Gabinius
468 834 634 900 absolutus
662 837 719 897 est.
770 832 909 899 Omnino
937 833 1020 898 nihil
1050 854 1190 898 aecusa-

216 927 288 989 tore
307 923 444 988 Lentulo
465 921 798 1006 subscriptoribusque
817 923 885 986 eius
903 921 1076 1004 infantius,
1101 922 1190 986 nihil

215 1013 273 1077 illo
297 1011 430 1076 consilio
454 1011 626 1092 sordidius3
654 1011 709 1074 sed
737 1014 861 1093 tamen,
888 1011 949 1076 nisi
977 1010 1189 1075 incredibilis

217 1101 382 1166 contentio
405 1121 578 1185 precesque
605 1098 763 1184 Pompeii,
791 1099 967 1164 dictaturae
996 1098 1101 1162 etiam
1133 1121 1189 1164 ru-

214 1211 288 1254 mor
305 1190 420 1272 plenus
439 1188 563 1252 timoris
577 1187 708 1272 luisset,
723 1187 785 1271 ipsi
800 1186 937 1252 Lentulo
956 1208 1024 1253 non
1042 1207 1186 1272 respon·

217 1278 330 1360 disset,
358 1278 412 1360 qui
434 1276 456 1356 †
477 1279 561 1359 tum,
587 1275 643 1339 illo
672 1279 857 1340 accusatore
883 1275 1002 1359 illoque
1030 1277 1188 1360 consilia,

217 1366 386 1430 sententiis
414 1365 645 1436 condemnatus
673 1363 716 1426 sit
742 1381 864 1447 xxxia,
892 1385 990 1447 quum
1017 1381 1102 1428 Lxx.
1134 1369 1185 1428 tu-

216 1455 339 1518 lissent.
375 1451 436 1516 Est
459 1453 590 1516 omnino
613 1456 682 1515 tam
705 1452 794 1536 gravi
818 1451 905 1515 fama
927 1451 988 1516 hoc
1012 1451 1187 1536 iudicium,

105 1622 108 1629 Ι
216 1545 255 1605 ut
281 1541 428 1605 videatur
454 1540 585 1623 reliquis
613 1539 738 1603 iudiciis
769 1541 944 1623 periturus,
975 1543 1009 1604 et
1035 1543 1185 1606 maxime

217 1629 258 1693 de
281 1628 425 1712 pecuniis
448 1628 647 1712 repetundis,
674 1629 729 1692 sed
757 1629 845 1693 vides
868 1629 990 1692 nullam
1014 1649 1087 1692 esse
1109 1651 1184 1693 rem

215 1717 389 1802 publicam,
411 1717 536 1781 nullum
560 1719 716 1800 senatum,
736 1716 826 1780 nulla
844 1717 969 1800 iudicia,
991 1716 1123 1780 nullam
1148 1719 1182 1781 in

218 1799 286 1870 ullo
308 1811 456 1872 nostrum
480 1805 680 1890 dignitatem.
717 1802 799 1880 Quid
822 1805 916 1888 plura
934 1805 972 1868 de
990 1805 1184 1870 iudicibus?

218 1897 282 1960 duo
301 1893 455 1978 praetorii
473 1894 633 1975 sederunt,
646 1891 809 1957 Domitius
829 1891 993 1957 Calvinus:
1015 1893 1042 1956 is
1064 1900 1184 1978 aperte

217 1983 370 2066 absolvit,
398 1985 435 2046 ut
462 2003 572 2046 onrnes
601 1981 759 2063 viderent3
791 1984 823 2045 et
852 1979 946 2046 Cato:
977 1981 1005 2044 is
1034 1981 1183 2047 diribitis

216 2071 345 2135 tabellis
373 2071 412 2135 de
440 2070 557 2135 circulo
582 2091 616 2133 se
639 2068 791 2133 subduxit
818 2073 851 2133 et
873 2069 1026 2154 Pompeio
1049 2071 1183 2153 primus

189 2160 390 2223 enuntiavit.
444 2157 548 2222 Aiunt
578 2158 740 2241 nonnulli,
776 2158 873 2222 etiam
906 2155 1093 2242 Sallustius,
1127 2182 1184 2223 me

218 2248 399 2332 oportuisse
427 2267 585 2312 accusare.
633 2245 694 2310 His
722 2265 782 2330 ego
810 2245 966 2311 iudicibus
995 2247 1183 2312 committe-

218 2337 308 2400 rem?
333 2335 409 2420 quid
432 2357 544 2419 essem,
567 2333 595 2398 si
617 2356 667 2398 me
691 2337 807 2418 agente
831 2337 917 2399 esset
938 2334 1091 2416 elapsus?
1120 2337 1182 2400 sed

217 2446 270 2489 me
293 2425 356 2488 alia
379 2427 561 2487 moverunt:
588 2445 654 2486 non
678 2425 823 2506 putasset
850 2421 911 2486 sibi
937 2421 1113 2505 Pompeius
1141 2425 1183 2488 de

217 2512 305 2575 illius
329 2512 441 2593 salute,
464 2511 519 2574 sed
543 2510 581 2573 de
605 2533 663 2574 sua
686 2510 844 2594 dignitate
867 2531 991 2574 meeum
1014 2532 1086 2576 esse
1110 2533 1182 2576 eer-

217 2603 341 2683 tamen,
368 2599 403 2663 in
425 2598 538 2662 urbem
560 2597 738 2682 introisset3
766 2599 806 2662 ad
833 2597 1019 2663 inimicitias
1045 2620 1100 2663 res
1124 2623 1183 2665 ve-

217 2688 332 2772 nisset3
365 2709 438 2752 cum
465 2687 645 2753 Aesernino
674 2684 817 2750 Samnite
844 2685 1055 2751 Pacideianus
1090 2709 1182 2752 eom-

217 2781 351 2860 paratus
382 2776 519 2858 viderer3
552 2773 728 2840 auriculam
760 2774 897 2841 fortasse
925 2775 1087 2839 mordicus
1120 2777 1180 2841 ab·

219 2865 371 2947 stulisset,
393 2885 467 2929 eum
489 2861 602 2929 Clodio
626 2863 754 2947 quidem
768 2867 862 2926 certe
884 2862 1020 2927 redisset
1042 2863 1078 2926 in
1103 2885 1181 2949 gra·

217 2954 307 3018 tiam.
349 2953 422 3036 Ego
445 2973 520 3017 vero
544 2973 651 3016 meum
666 2951 852 3034 consilium,
876 2951 903 3016 si
924 2951 1116 3035 praesertim
1140 2955 1180 3018 tu

216 3063 286 3107 non
313 3039 489 3123 improbas,
517 3039 722 3104 vehementer
748 3039 905 3123 approbo:
937 3039 1004 3123 ille,
1032 3061 1133 3123 quum
1159 3062 1181 3105 a

216 3151 270 3196 me
289 3127 507 3212 singularibus
525 3128 604 3192 meis
623 3127 737 3192 stadiis
757 3133 890 3193 ornatus
909 3132 994 3192 esset
1012 3149 1180 3212 quumque

289 3354 391 3427 Epa
412 3359 434 3409 1.
472 3355 605 3410 couteutio
627 3370 772 3424 precesque
800 3355 833 3410 P.
863 3354 932 3422 (Ν,
956 3353 1028 3409 sicut
1050 3354 1109 3409 iarn
1131 3354 1179 3424 R).

216 3443 251 3492 a,
265 3441 357 3495 preces
377 3426 411 3480 P.
430 3425 481 3495 M,
499 3425 529 3480 Β.
550 3455 584 3465 -
602 3427 651 3495 qui
668 3429 687 3490 's
704 3430 763 3480 tum
781 3425 855 3495 (W.).
893 3425 942 3494 qui
959 3429 1050 3480 tameu
1063 3425 1107 3495 (I.)
1126 3429 1181 3480 aut

216 3497 267 3566 qui
284 3513 359 3552 uuae
376 3497 451 3567 (W.).
489 3497 537 3565 qui
555 3501 612 3549 tum
631 3495 725 3549 MRB.
772 3503 796 3548 2.
825 3495 907 3551 etiam
925 3494 1076 3550 Sallustius
1099 3495 1180 3566 (Ν).

216 3572 309 3622 autem
327 3568 355 3623 S.
375 3567 434 3620 Ml.
472 3566 659 3621 scurcula.
697 3567 769 3634 quod
787 3565 816 3620 S.
835 3567 856 3621 l.
893 3571 925 3621 ut
942 3564 971 3620 S.
990 3566 1053 3634 Ma,
1072 3565 1105 3620 B.
