2636 3986
247 230 314 298 456
530 231 568 288 Μ.
587 231 712 287 TULLII
729 230 919 288 CICERONIS

667 480 784 547 XLIV.

327 595 385 651 Sor.
403 595 509 652 Romu
523 609 552 649 a.
571 613 598 649 u.
617 612 641 649 c.
661 601 712 650 699
732 593 840 663 (eodem
857 593 911 662 die,
930 610 985 664 quo
1003 611 1047 664 ep.
1068 595 1122 662 ⁷4>

534 717 664 774 CICERO
684 716 817 774 GALLIO
837 717 913 773 SAL.

314 818 387 886 Etsi
409 841 448 886 ex
470 819 536 886 tuis
559 823 591 884 et
614 841 652 883 ex
675 817 710 883 L.
734 816 843 902 Oppii,
865 818 1107 884 familiarissimi
1134 820 1207 898 mei,

247 909 363 974 litteris
385 909 524 994 cognovi
545 911 578 973 te
601 927 775 972 memorem
802 906 1090 972 commendationis
1113 929 1206 972 meae

246 996 347 1062 fuisse
369 997 466 1081 idque
487 1017 549 1082 pro
570 999 629 1062 tua
650 1017 776 1060 summa
798 1016 876 1080 erga
903 1017 955 1060 me
977 997 1207 1062 benovolentia
1285 1053 1286 1078 ,

246 1107 369 1170 proque
391 1089 504 1150 nostra
522 1083 757 1150 necessitudine
777 1083 909 1148 minime
928 1106 1000 1148 sum
1013 1084 1207 1168 admiratus,
1285 1093 1286 1114 ¹

246 1177 358 1239 temen
380 1175 478 1240 etiam
501 1177 596 1258 atque
620 1173 718 1238 etiem
743 1172 805 1236 tibi
832 1170 867 1237 L
890 1170 1031 1257 Oppium
1053 1195 1204 1257 praesen·

246 1267 313 1326 tem
329 1261 427 1327 etL.
449 1262 597 1347 Egnatii,
620 1262 684 1326 mei
705 1261 960 1346 familiarissimi,
983 1261 1126 1327 absentis
1148 1283 1205 1326 ne·

248 1351 337 1435 gotia
359 1351 557 1415 commendo.
602 1349 709 1414 Tanta
730 1349 810 1413 mihi
837 1370 909 1413 cum
939 1370 977 1415 eo
1000 1350 1204 1415 necessitudo

247 1442 296 1502 est
318 1437 485 1502 familiarit
470 1441 593 1522 tasque,
615 1441 661 1521 ut,
683 1438 711 1502 si
733 1459 805 1502 mea
827 1459 878 1502 res
898 1441 991 1522 esset,
1012 1459 1081 1504 non
1099 1439 1204 1524 magis

246 1525 443 1609 laborarem
466 1487 662 1610 quaproptei
684 1525 905 1610 gratissimum
927 1488 1007 1590 milii
1028 1527 1202 1611 leceris,
1176 1549 1205 1591 ιι

247 1613 382 1697 curaris,
415 1617 452 1678 ut
482 1613 511 1678 is
542 1613 705 1696 intelligat
735 1634 786 1678 me
818 1636 838 1677 a
868 1617 901 1678 te
932 1618 1061 1680 tantum
1093 1615 1206 1698 amari,

247 1705 404 1785 quantum
435 1702 504 1786 ipse
536 1702 697 1766 existimo:
732 1701 795 1766 hoe
826 1702 906 1766 mihi
938 1703 1061 1788 gratius
1096 1703 1205 1768 facere

246 1789 329 1856 nibil
350 1793 454 1876 potes,
475 1790 573 1875 idque
593 1794 631 1854 ut
652 1790 753 1855 facias
775 1789 982 1856 vehementer
1003 1795 1036 1856 te
1059 1811 1150 1877 rogo.

674 1983 774 2050 XLV.

524 2095 582 2152 Ser.
601 2095 707 2152 Romae
726 2114 750 2151 a.
769 2115 796 2152 u.
810 2114 838 2168 c.
858 2103 917 2153 595.

405 2217 532 2277 CICERO
550 2219 732 2276 APPULEIO
750 2218 1038 2286 PROQUAESTORI.

313 2317 350 2386 L.
372 2319 515 2406 Egnatio
538 2342 604 2386 uno
627 2321 734 2404 equite
748 2321 896 2388 Romano
922 2318 996 2408 [vel]
1019 2320 1202 2386 familiaris·

246 2409 326 2474 sime
357 2412 440 2474 utor.
493 2407 574 2474 Eius
606 2407 801 2476 Anchialum
837 2431 964 2474 servum
997 2409 1202 2495 negotiaque,

247 2517 329 2580 quoe
359 2495 459 2560 habet
489 2496 524 2560 in
551 2496 644 2579 Asia,
674 2497 735 2560 tibi
767 2497 956 2562 commendo
983 2519 1052 2564 non
1078 2499 1202 2564 minore
1287 2509 1288 2546 3

247 2582 364 2666 studio,
386 2605 483 2667 quern
501 2583 529 2647 si
547 2605 652 2648 meam
669 2605 739 2648 rem
758 2585 1028 2669 commendarem
1051 2586 1096 2652 sic
1115 2587 1202 2652 enim
1287 2665 1288 2670 γ

246 2671 408 2738 existimes
431 2672 540 2755 velim,
566 2671 646 2736 mihi
673 2694 746 2736 cum
769 2695 807 2738 eo
830 2695 898 2738 non
920 2675 1015 2739 modo
1043 2674 1202 2759 quotidia-

246 2780 323 2824 nam
341 2760 606 2826 consuetudinem
624 2783 782 2826 summam
800 2763 1006 2846 intercedere,
1028 2762 1084 2826 sed
1103 2763 1202 2828 etiam

234 2847 354 2940 ‘officia
389 2870 510 2935 magna
546 2853 579 2913 et
614 2853 727 2914 mutua
761 2853 875 2916 nostra
912 2850 999 2915 inter
1029 2870 1091 2915 nos
1123 2871 1201 2916 esse

247 2934 462 3011 Quamobrem
484 2938 582 3002 etiam
604 2942 701 3022 atquc
724 2938 822 3002 etiam
844 2941 912 3002 ate
933 2942 1018 3022 peto,
1040 2942 1078 3004 ut
1100 2959 1202 3040 cures,

246 3028 284 3089 ut
310 3024 473 3110 intelligat
501 3047 554 3090 me
581 3025 622 3090 ad
653 3029 686 3091 te
718 3026 797 3090 setis
825 3025 997 3110 diligenter
1023 3027 1202 3111 scripsisse,

245 3133 323 3178 nam
350 3113 389 3178 de
415 3115 473 3176 tua
500 3133 577 3198 erga
604 3135 655 3176 me
677 3113 844 3179 voluntate
866 3134 934 3178 non
956 3114 1139 3179 dubitabat.
1168 3113 1200 3178 id

245 3204 284 3265 ut
305 3199 416 3284 facies,
436 3203 470 3264 te
492 3200 590 3264 etium
613 3204 709 3285 atque
732 3200 830 3265 etiam
851 3221 941 3286 rogo.
986 3199 1078 3267 Vale.

316 3424 368 3494 Ep.
384 3432 426 3480 44.
454 3430 480 3480 ιι
496 3426 552 3482 ιιι.
570 3441 636 3494 rope
654 3426 709 3492 (W
710 3427 738 3492 )?
774 3426 825 3496 Ep.
840 3431 882 3481 45.
911 3426 975 3497 [ccl]
993 3426 1081 3494 fumet.
1096 3425 1198 3495 (Crob)

246 3495 491 3564 celfivulgom·
509 3495 760 3563 mammam).
796 3497 1200 3568 rwmvulo-maycoct

246 3564 334 3617 malta
351 3581 378 3618 ιι.
394 3514 536 3634 (W.)?-·
555 3565 616 3618 ιιι
604 3581 629 3618 ιε
646 3566 783 3635 inteiliyat
800 3566 874 3635 (N.)?
