2636 3986
233 193 299 256 416
516 192 554 246 Μ.
574 190 697 246 TULLII
715 189 904 245 CICERONIS

232 336 409 403 commodis
440 339 474 401 et
499 335 649 420 praemiis
681 338 872 400 consecutus
902 337 966 418 est,
995 356 1046 399 me
1073 335 1191 400 habuit

233 447 365 493 suorum
388 425 594 490 defensorum
616 427 650 488 et
671 423 847 489 amicorum
865 423 932 488 iere
954 422 1135 508 principem
1158 429 1190 488 et

199 563 204 572 .
232 514 298 578 iam
325 537 345 579 a
371 512 532 597 Phaedro,
563 513 619 597 qui
650 512 758 596 nobis,
789 533 888 596 quum
914 512 1006 595 pueri
1038 533 1189 597 essemus,

234 607 408 687 antequam
429 601 600 667 Philonem
622 601 847 686 cognorimus,
873 599 966 665 valde
988 603 1026 664 ut
1047 600 1188 685 philoso-

233 692 328 776 phus,
349 694 463 776 postea
485 693 596 754 tamen
617 692 656 754 ut
677 689 726 753 vir
748 689 853 754 bonus
876 691 910 753 et
932 689 1039 753 suavis
1063 692 1096 754 et
1119 689 1188 754 offi-

120 787 123 792 '
234 781 340 845 ciosus
367 778 579 864 probabatur,
608 777 748 842 traditus
776 776 857 842 mihi
884 777 1189 862 commendatusque

199 871 296 934 aest:
323 867 351 932 is
378 867 479 953 igitur
500 866 598 932 Patro
626 887 726 950 quum
752 865 795 930 ad
821 886 872 930 me
899 863 1037 930 Romam
1063 866 1189 930 litteras

234 957 382 1040 misisset,
404 956 453 1021 uti
474 958 507 1019 tc
530 955 592 1020 sibi
609 955 772 1040 placarem
789 957 1003 1038 peteremque,
1025 956 1063 1018 ut
1080 955 1188 1019 nescio

234 1045 312 1130 quid
343 1044 424 1109 illud
454 1042 589 1128 Epicuri
623 1043 856 1127 parietinarum
892 1042 953 1107 sibi
989 1042 1190 1128 concederes,

234 1133 317 1199 nihil
339 1133 452 1218 scripsi
475 1132 517 1197 ad
537 1135 571 1196 tc
594 1132 636 1196 ob
659 1153 730 1196 eam
751 1152 829 1215 rem,
851 1131 937 1216 quod
958 1131 1189 1196 aedificationis

234 1226 309 1287 tuae
332 1221 503 1288 consilium
525 1220 803 1285 commendatione
825 1240 898 1284 mea
917 1219 1069 1284 nolebam
1090 1221 1189 1304 impe·

235 1305 309 1394 diri,
330 1310 424 1394 idem,
446 1313 485 1375 ut
505 1309 579 1375 reni
596 1307 753 1392 Athenas,
776 1329 884 1392 quum,
900 1306 985 1372 idem
1003 1309 1045 1372 ad
1062 1311 1095 1374 te
1114 1309 1189 1373 scri-

234 1400 357 1483 berem,
379 1400 539 1483 rogasset,
566 1396 608 1462 ob
637 1419 708 1462 eam
731 1419 861 1462 causam
882 1397 1080 1482 impetravit,
1102 1397 1189 1481 quod

234 1490 267 1551 te
286 1486 439 1551 abiecisse
457 1486 546 1550 illam
564 1485 819 1550 aedificationem
837 1485 1007 1552 constabat
1022 1486 1108 1552 inter
1122 1507 1190 1550 om·

200 1587 293 1640 anes
321 1574 441 1640 amicos
467 1578 550 1639 tuos.
599 1573 692 1650 Quod
719 1573 747 1638 si
773 1574 821 1638 ita
847 1577 898 1639 est
924 1577 958 1638 et
984 1573 1012 1639 si
1040 1573 1106 1639 iam
1132 1576 1191 1638 tua

235 1665 331 1749 plane
362 1663 445 1728 nihil
475 1664 623 1746 interest,
658 1663 767 1745 velim,
803 1662 831 1727 si
862 1685 926 1747 qua
957 1661 1191 1727 offensiuncula

235 1753 323 1817 facta
345 1755 395 1817 est
416 1751 517 1816 animi
538 1752 588 1816 tui
609 1751 819 1836 perversitate
842 1751 1024 1836 aliquorum
1047 1787 1088 1799 -
1111 1752 1190 1816 novi

236 1841 322 1906 enim
353 1843 483 1926 gentem
515 1841 604 1904 illam
627 1876 683 1923 —‚
717 1839 772 1904 des
803 1842 836 1903 te
868 1840 910 1904 ad
939 1840 1106 1904 lenitatem
1138 1840 1189 1905 vel

235 1933 367 2015 propter
390 1949 548 1994 summam
571 1933 658 1993 mum
679 1927 916 1992 humanitatem
936 1929 988 1992 vel
1011 1927 1109 1992 etiam
1130 1927 1189 2004 ho·

235 2019 325 2083 noris
347 2018 410 2082 mei
434 2039 539 2083 causa.
583 2015 757 2101 Equidem,
783 2016 824 2100 si,
852 2017 928 2100 quid
950 2017 1019 2100 ipse
1042 2017 1189 2100 sentiam,

236 2107 376 2191 quaeris,
403 2126 463 2172 nee
494 2126 551 2170 cur
576 2105 631 2169 ille
652 2107 746 2170 tanto
776 2126 871 2190 opere
894 2105 1070 2170 contendat
1095 2104 1188 2169 video

235 2216 295 2260 nec
318 2217 374 2260 eur
395 2199 433 2259 tu
454 2214 628 2280 repugnes,
656 2193 722 2258 nisi
741 2196 853 2258 tamen
874 2195 976 2260 multo
999 2194 1106 2258 minus
1127 2193 1189 2257 tibi

236 2285 368 2348 concedi
386 2285 496 2368 potest
513 2303 610 2367 quam
628 2281 676 2345 illi
692 2281 839 2347 laborare
857 2281 926 2346 sine
946 2303 1055 2365 causa3
1078 2303 1189 2367 quam-

236 2394 334 2456 quam
355 2370 505 2436 Patronis
528 2373 561 2435 et
583 2370 762 2436 orationem
785 2373 818 2434 et
840 2391 970 2436 causam
995 2370 1057 2435 tibi
1079 2370 1188 2456 cogni-
1232 2438 1238 2450 ,

235 2463 304 2524 tam
326 2481 395 2524 esse
418 2463 506 2526 certo
533 2459 612 2525 scio:
638 2459 808 2542 honorem,
835 2457 993 2542 officium,
1016 2462 1188 2524 testamen-

236 2549 344 2611 torum
370 2548 434 2631 ius,
460 2547 593 2632 Epicuri
620 2547 858 2632 auctoritatem,
883 2545 1022 2612 Phaedri
1049 2548 1188 2612 obtesta-

235 2635 373 2720 tionem,
410 2635 533 2721 sedem,
568 2635 778 2720 domicilium,
818 2636 955 2720 vestigia
991 2657 1188 2701 summorum

235 2724 403 2790 hominum
434 2725 496 2789 sibi
526 2725 648 2789 tuenda
678 2745 747 2790 esse
774 2724 861 2789 dicit.
905 2724 1021 2789 Totam
1047 2725 1187 2790 hominis

235 2812 584 2897 damnationemque,
615 2834 712 2897 quam
743 2813 889 2897 sequitur
912 2813 948 2878 in
973 2813 1188 2899 philosophia,

236 2900 436 2966 derideamus
459 2902 547 2985 licet,
576 2901 604 2966 si
629 2900 714 2966 hanc
742 2902 810 2967 eius
832 2901 1073 2968 contentionem
1099 2904 1187 2969 volu·

235 3011 308 3054 mus
338 2988 584 3073 reprehenderim
619 2989 675 3054 sed
710 2989 920 3075 mehercules,
956 2991 1109 3075 quoniam
1139 2992 1187 3056 illi

236 3077 425 3162 ceterisque,
452 3098 533 3161 quos
563 3078 620 3142 illa
647 3077 821 3163 delectant,
851 3100 919 3144 non
947 3079 1040 3144 valde
1066 3080 1187 3145 inimici

236 3189 358 3251 sumus,
388 3165 498 3231 nescio
525 3185 568 3230 an
594 3166 826 3252 ignoscendum
853 3168 897 3232 sit
920 3167 1009 3253 huie,
1041 3169 1068 3234 si
1094 3172 1185 3235 tanto

305 3391 356 3460 Ep.
377 3397 402 3458 1,
415 3397 441 3446 3.
479 3389 566 3448 Patro
584 3408 667 3461 qaam
689 3393 763 3462 (W.).
807 3395 854 3462 P.‚
873 3411 933 3451 cam
950 3360 1109 3465 P.·(errore
1126 3399 1184 3468 typ.

235 3459 535 3598 pplpplgppopagato).
585 3468 610 3516 4.
637 3464 711 3518 eiam
733 3465 916 3536 rationemque
943 3467 1018 3538 (W.).
1061 3469 1145 3524 vitam
1161 3485 1184 3524 r.
