2636 3986
404 211 754 276 EPISTOLARUMXIII.
773 220 886 269 29-32.
1055 217 1120 280 449

99 351 103 358 ‘
165 355 356 422 commendo
370 356 405 420 in
418 356 592 441 primisque
606 357 722 440 ipsam,
739 357 844 422 'virum
858 357 1015 441 optimum
1025 360 1121 428 mihi-

164 465 228 529 que
241 444 537 530 familiarissimum,
554 444 594 510 iie
612 445 727 510 studiis
745 445 926 510 litterarum
944 447 1121 514 doetrinae·

166 555 229 617 que
251 532 442 616 praeditum,
464 533 581 617 quibua
604 553 665 618 ego
687 533 825 598 maxime
848 533 997 600 delector.
1041 535 1120 605 Peto
1140 548 1158 598 2

166 621 268 706 igitar
291 621 348 685 abs
370 624 413 704 te,
435 623 472 685 ut
495 642 581 704 eum,
603 621 670 687 sive
693 621 797 685 aderit
819 622 885 686 sive
908 644 976 688 non
998 626 1122 690 venerit

147 709 203 772 -in
226 707 380 792 Siciliam,
406 709 442 772 in
464 710 544 773 meis
566 709 689 774 intimis
711 709 911 794 maximeque
933 713 1121 777 necessariis

167 797 250 862 seiae
278 817 346 862 ease
373 797 482 880 itaque
509 801 641 882 tractes,
672 800 710 864 ut
740 798 903 884 intelligat
927 821 1034 867 meam
1060 801 1123 866 sibi

168 885 480 952 commendationem
503 907 623 972 magno
647 886 832 953 adiumento
855 887 964 954 fuisse.

582 1079 704 1146 XXXI.

448 1191 505 1246 Sor.
524 1191 629 1280 Romae
648 1209 673 1246 a.
691 1211 718 1248 u.
737 1211 760 1248 o.
780 1197 840 1248 708.

342 1313 470 1371 CICERO
489 1314 609 1371 ACILIO
628 1314 856 1371 PROCONSULI
875 1315 950 1372 SAL.

236 1411 271 1480 O.
293 1412 419 1500 Flavio,
449 1415 588 1481 honesto
620 1420 653 1480 et
684 1420 799 1482 ornato
832 1418 938 1501 equite
964 1416 1158 1503 Romano‚1

169 1505 244 1567 uter
270 1503 362 1568 valde
389 1503 603 1589 familiariier3
634 1504 698 1569 fuit
729 1505 815 1569 enim
847 1505 957 1590 generi
984 1507 1060 1590 mei,
1088 1504 1122 1571 C.

168 1589 308 1674 Pisonis,
328 1594 587 1693 pernecessarius
609 1615 723 1678 meque
747 1593 992 1678 diligentissime
1016 1595 1122 1659 obser·

168 1683 249 1744 rant
270 1682 303 1742 et
325 1702 393 1764 ipse
417 1684 450 1745 et
471 1680 507 1747 L.
521 1681 662 1766 Flaviae,
683 1683 785 1748 frater
807 1683 884 1747 eius.
920 1681 1123 1768 Quapropter

147 1767 267 1832 .relim
288 1767 422 1834 honoris
444 1770 508 1833 mei
530 1791 640 1854 eausa,
667 1771 783 1852 quibus
809 1770 905 1834 rebus
932 1770 1067 1836 honeste
1090 1776 1123 1837 et

168 1876 228 1940 pro
250 1859 309 1919 tua
336 1856 494 1941 dIgnitate
521 1858 655 1940 poteris,
682 1879 780 1941 qnam
801 1856 1122 1924 honorificentissime

168 1946 203 2008 et
225 1964 323 2027 qnam
344 1945 566 2008 liberalissime
593 1943 628 2010 C.
650 1943 799 2010 Flavium
824 1948 956 2010 tractes:
984 1947 1017 2010 id
1044 1948 1124 2012 mihi

169 2032 216 2096 sie
243 2031 305 2095 erit
332 2035 473 2116 gratum,
500 2035 537 2096 ut
568 2033 692 2117 gratius
719 2053 788 2098 esee
815 2032 898 2098 nihil
924 2034 1040 2118 poseit3
1068 2037 1158 2100 seda

169 2122 336 2205 praeterea
361 2119 423 2183 tibi
454 2119 579 2185 affirmo
601 2157 645 2166 -
667 2142 771 2204 neque
802 2121 835 2185 id
867 2121 1042 2186 ambitione
1069 2124 1123 2189 ad·

168 2207 286 2270 duetus
312 2205 410 2291 faoio,
437 2208 494 2272 sed
521 2230 619 2291 quum
645 2208 863 2274 familiaritate
892 2213 925 2274 εὴ
950 2212 1123 2276 necessitu-

169 2294 255 2378 dine,
277 2297 347 2360 tum
370 2295 468 2360 etlam
489 2297 624 2362 veritate
648 2334 689 2342 -
712 2300 744 2361 te
768 2319 806 2360 ex
829 2295 863 2362 C.
886 2296 990 2363 Flavii
1017 2299 1122 2364 officio

168 2385 203 2448 et
230 2382 435 2448 observantia
462 2388 495 2449 et
520 2389 686 2468 praeterea
717 2386 886 2470 splendore
916 2390 1012 2470 atque
1038 2387 1124 2452 inter

168 2491 246 2624 siffis
278 2472 383 2557 gratia
419 2492 572 2559 magnam
607 2475 807 2558 voluptatem
843 2497 913 2540 esee
945 2479 1123 2561 capturum.

234 2580 261 2625 e.

575 2755 712 2821 XXXII.

448 2865 504 2922 Ser.
524 2866 629 2922 Romae
648 2885 671 2922 a.
691 2886 718 2922 u.
737 2885 759 2923 o.
780 2873 839 2924 ⁷00.

342 2987 469 3045 CICERO
488 2989 608 3046 ACILIO
627 2989 855 3045 PROCONSULI
873 2989 949 3046 SAL.

235 3083 276 3150 In
303 3086 458 3154 Halesina
490 3091 617 3156 civitate
648 3093 716 3154 tam
747 3091 837 3154 lanta
863 3094 993 3174 tamque
1020 3090 1156 3156 nobilil

167 3173 449 3242 coniunctissimos
476 3176 580 3243 habeo
608 3181 642 3242 et
667 3178 808 3262 hospilio
840 3182 873 3242 et
903 3178 1122 3244 familiaritate

240 3399 292 3470 Ep.
311 3407 358 3468 30,
375 3408 397 3456 1.
434 3403 537 3472 aprum,
555 3404 644 3458 oirma
663 3404 738 3473 (W).
781 3405 800 3457 α’.
819 3419 844 3456 o.
862 3403 957 3474 vulgo.
983 3433 1017 3445 -
1040 3419 1121 3472 prae·

167 3469 258 3524 ditem
271 3471 327 3538 (Μ.,
341 3472 446 3542 vulgo).
483 3474 603 3528 deditum
620 3474 729 3542 Kleyn.‚
743 3473 773 3528 B.
811 3473 925 3544 Ep.31,
941 3480 964 3528 1.
1001 3473 1122 3529 observat

168 3545 194 3596 et
213 3541 264 3608 (ed.
284 3541 399 3610 Basil.)?
418 3573 452 3583 -
466 3545 570 3612 poesin
587 3546 633 3599 aed
652 3545 726 3616 (W.).
758 3562 789 3614 p.
818 3543 872 3599 Sed
889 3545 982 3614 vulgo.

223 3627 336 3672 cineram·
351 3632 413 3680 epar.
427 3633 447 3673 Ι.
875 3639 909 3687 29
