2578 3982
77 268 134 324 DE
150 267 349 324 ΡΕΤΙΤΙΟΝΕ
364 267 514 326 CONSUL.
528 267 578 324 AD
592 268 630 324 M.
644 267 822 326 FRATREM
835 275 950 327 48-54.
977 269 1041 336 661

79 414 161 498 peio
193 412 353 498 ornando,
384 411 511 480 Manilii
542 435 640 480 causo
670 413 867 500 recipiendo,
894 413 1043 482 Cornelio

79 501 303 568 defendendo:
330 501 500 567 excitanda
521 503 616 568 nobis
639 506 729 587 sunt,
755 524 838 587 quoe
861 503 965 570 adhuc
987 505 1044 570 ha·
1153 535 1161 543 ·

19 637 21 672 3
79 590 160 656 buit
186 611 295 674 nemo,
322 590 401 676 quin
422 590 509 656 idem
531 591 771 676 splendidorum
793 591 962 658 hominum
989 615 1045 659 vo·

19 727 21 766 ,
80 679 231 745 luntates
256 678 400 744 haberet
448 677 664 744 Efficiendum
691 680 789 745 etiem
816 680 896 746 illud
919 684 981 765 est,
1007 685 1045 746 ut

19 813 24 856 ,
82 767 194 832 sciant
219 788 331 833 omnes
358 764 416 832 (ln.
442 765 588 852 Pompeii
615 789 775 833 summam
801 769 871 834 e’sse
903 789 981 854 erga
1010 773 1045 835 te

19 905 24 934 ,
82 856 289 922 voluntatem
314 859 349 920 et
374 855 580 922 vehementer
606 856 648 921 ed
674 856 773 922 illius·
787 856 929 922 rationes
955 861 989 923 te
1010 857 1045 923 id

19 961 26 1026 s,
83 945 229 1028 assequi,
257 943 344 1028 quod
366 943 463 1029 petis,
489 943 659 1029 pertinere.
703 942 871 1010 Postremo
897 948 969 1010 tota
990 967 1044 1030 pe·
1058 965 1084 1008 ιι

19 1025 26 1038 '
82 1033 161 1098 titio
180 1053 258 1097 oure
275 1035 313 1097 ot
329 1053 468 1116 pompae
486 1033 583 1116 plena
602 1033 653 1116 sit,
673 1035 711 1097 ut
727 1031 871 1117 illustris,
888 1036 927 1099 ot
940 1035 1045 1119 splen·

19 1173 28 1200 ,.
84 1119 178 1201 dida,
199 1125 238 1185 ιιι
258 1120 425 1205 populeris
447 1120 503 1205 sit,
524 1125 563 1186 ut
583 1120 704 1185 habeat
726 1141 885 1186 summum
907 1122 1046 1207 speciem

19 1205 29 1308 ,'
85 1229 125 1273 ac
150 1209 356 1294 dignitatem,
377 1212 416 1274 ut
438 1209 549 1293 etiam,
572 1209 600 1273 si
623 1230 705 1293 quoe
727 1210 840 1294 possit,
861 1210 897 1273 in
919 1228 1045 1295 compe·

19 1444 29 1467 ,
85 1385 272 1470 largitionis
294 1385 537 1452 accommodata
562 1386 604 1450 ad
631 1406 743 1451 corum
769 1407 875 1452 mores
901 1387 1045 1452 infamia.

19 1466 31 1488 ³
85 1473 197 1558 Atque
229 1474 327 1540 etiam
358 1473 395 1539 in
424 1474 486 1538 hac
516 1474 674 1558 petitione
705 1475 842 1539 maxime
871 1475 1045 1542 videndum
1058 1492 1086 1536 oo

19 1609 20 1618 ι
86 1564 147 1642 est,
170 1565 207 1629 ut
228 1583 302 1647 spes
324 1562 372 1628 rei
393 1562 542 1648 publicae
563 1562 651 1628 bona
674 1562 713 1628 de
735 1566 769 1628 te
792 1563 835 1628 sit
857 1566 891 1628 et
907 1563 1046 1630 honesta

24 1695 30 1725 -‚
86 1650 212 1734 opini03
243 1671 304 1716 nec
330 1654 441 1716 tamen
466 1651 503 1716 in
529 1650 668 1735 petendo
696 1672 747 1716 res
778 1651 908 1734 publica
937 1672 1045 1737 capes·

22 1728 33 1816 ἶ
87 1738 190 1802 sendo
212 1742 263 1802 est
283 1759 387 1822 neque
410 1739 446 1802 in
468 1742 583 1803 senatu
605 1759 710 1822 neque
736 1738 772 1803 in
795 1740 963 1824 concione,
989 1740 1046 1805 sed

22 1877 24 1884 ι
86 1825 169 1890 haec
198 1825 261 1890 tibi
292 1831 369 1891 sunt
393 1825 576 1910 retinenda,
604 1829 643 1890 ut
668 1830 800 1892 senatus
825 1830 860 1891 te
886 1827 1047 1893 existimet

20 1983 32 1997 ,Γ
87 1935 127 1978 ex
146 1933 194 1999 eo,
217 1913 303 2000 quod
320 1915 368 1978 ite
386 1914 510 1999 vixeris,
528 1913 732 1980 defensorem
749 1915 950 1981 auctoritatis
969 1937 1045 1982 suee

19 2001 34 2086 ’ζ
86 2002 174 2088 fore,
200 2002 324 2087 equites
346 2001 487 2068 Romani
509 2005 543 2068 et
564 2002 625 2068 riri
647 2001 727 2069 boni
748 2024 786 2068 ao
807 2003 984 2088 locupletes
1007 2025 1046 2069 ex

20 2087 34 2174 ιζ’
88 2091 158 2156 vite
179 2094 253 2156 eota
274 2095 307 2155 te
331 2091 510 2157 studiosum
533 2090 592 2156 otii
609 2111 647 2156 ec
665 2111 772 2156 rerum
788 2092 1046 2178 tranquillatum,

23 2197 32 2220 ἰ
124 2179 263 2246 ultitudo
290 2201 329 2244 ex
357 2199 408 2264 eo,
435 2178 522 2264 qood
549 2178 718 2244 dumtaxat
740 2179 886 2245 oratione
912 2180 948 2245 in
971 2201 1046 2246 con·
1126 2254 1128 2259 ,

20 2267 35 2347 ’.ξ
89 2289 107 2333 c
140 2267 238 2333 nibus
261 2287 299 2332 oc
320 2267 438 2333 iudicio
461 2267 628 2352 popularis
649 2266 750 2353 fuisti,
772 2270 805 2332 te
828 2289 848 2332 a
870 2267 938 2334 suis
960 2288 1045 2335 oom-

124 2356 194 2421 odis
215 2377 284 2422 non
306 2357 447 2421 alienum
468 2356 624 2422 futurum.

28 2461 35 2529 j
156 2443 247 2511 Haec
281 2445 456 2512 veniebant
485 2444 567 2511 mihi
596 2442 633 2508 in
667 2445 809 2508 mentem
845 2444 885 2509 de
921 2429 1089 2538 duabus&

29 2548 35 2560 '
88 2535 126 2599 ill
177 2533 502 2600 commentationibus
519 2533 697 2616 matutinis,
720 2531 806 2616 quod
823 2532 884 2597 tibi
903 2533 1045 2617 quotidie

30 2693 37 2711 ἢ
91 2621 133 2686 ad
161 2622 271 2688 iorum
298 2621 505 2687 descendenti
536 2620 757 2696 meditandum
790 2641 858 2685 esse
890 2620 1045 2686 dixerame

23 2704 37 2744 ‘⁹
90 2724 213 2797 „novus
244 2729 328 2792 sum3
364 2709 568 2774 consulatum
602 2707 707 2793 peto.“
758 2702 904 2773 Tertium
931 2713 1045 2774 restat:

22 2862 25 2870 ,
90 2797 214 2883 „Rome
237 2795 317 2878 cet,“
344 2796 457 2861 civitas
485 2817 526 2862 or
543 2797 716 2862 nctiormm
743 2800 904 2862 conventu
928 2797 1046 2863 consti·

24 2950 26 2958 ,
91 2889 177 2969 tute,
197 2885 235 2949 in
256 2905 321 2968 quo
342 2887 464 2949 multae
486 2883 635 2967 insidiae,
657 2885 760 2950 multa
782 2884 920 2970 fallacia,
943 2887 1046 2951 molto
1127 2949 1132 2964 „

22 2999 28 3028 ··
90 2975 128 3039 in
158 2973 246 3038 omni
278 2992 397 3058 genere
424 2972 505 3038 vitia
534 2974 718 3057 vomantur,
747 2973 923 3039 multorum
959 2995 1045 3039 arro·

92 3061 218 3146 gartia,
248 3061 424 3126 multorum
455 3059 670 3142 contumacia,
701 3061 876 3126 multorum
907 3063 1046 3128 malevo-

24 3141 32 3189 ²
91 3149 200 3236 lentio,
221 3149 398 3214 multorum
420 3147 580 3233 superbia,
601 3148 904 3213 multorumodium
924 3171 963 3214 ac
979 3171 1046 3215 mo·

91 3238 185 3304 lestis
219 3236 410 3322 perferenda
442 3240 499 3302 est.
541 3235 648 3302 .Video
681 3256 749 3300 esse
780 3237 891 3322 magni
920 3238 1046 3304 consilii

23 3335 33 3414 ξ
94 3331 188 3412 atque
216 3325 295 3392 artis
321 3325 358 3392 in
383 3329 436 3393 tot
465 3323 634 3396 hominum
661 3323 928 3409 cuiusquemodi
959 3326 1046 3392 vitiis

91 3608 105 3666 l
164 3541 262 3663 labor.
298 3536 325 3592 ri
342 3551 411 3607 quoe
428 3551 460 3605 p.
484 3535 511 3604 (2
530 3533 609 3627 drot.
629 3533 700 3604 edd,
717 3531 794 3606 Eri).
832 3533 930 3606 eiquo
944 3549 975 3606 p.
993 3532 1046 3615 Pe·

106 3623 178 3677 erm,
221 3649 227 3663 .
