2658 3986
394 206 654 263 EPISTOLARUM
671 208 733 264 VII.
753 215 795 264 17.
815 216 856 265 18.
1037 210 1101 273 211

143 371 256 434 sapere
281 351 402 435 aliquid
425 355 482 418 aut
504 353 585 418 velle
608 355 665 417 tua
692 374 790 418 causa
812 357 922 439 putas,
947 375 989 418 ne
1012 354 1103 420 dimi·

144 438 239 523 seris,
261 442 308 523 et,
330 437 359 505 ei
382 461 463 524 quae
490 443 523 505 te
545 441 631 506 forte
654 463 704 506 res
728 442 901 526 aliquando
925 442 1102 527 offenderit,

143 549 245 610 quum
271 527 326 592 ille
354 532 412 592 aut
439 530 649 613 occupatione
677 534 733 595 aut
760 530 951 596 difficultate
980 532 1103 596 tardior

142 615 204 680 tibi
227 616 289 680 crit
310 617 407 702 visus,
429 617 572 702 perferto
595 621 628 682 et
654 619 769 684 ultima
796 623 993 704 exspectato,
1021 641 1102 704 quae

143 725 205 789 ego
233 705 294 769 tibi
325 705 465 770 iucunda
492 709 525 771 et
555 706 693 772 honesta
721 708 903 792 praestabo.
951 707 1137 776 Pluribusa

142 796 177 856 te
198 792 324 858 hortari
347 816 415 860 non
442 795 555 860 debeo:
583 799 712 862 tantum
738 817 869 881 moneo,
895 807 1000 881 neque
1024 797 1101 861 ami·

144 880 239 946 citiae
267 883 505 948 confirmandae
532 885 700 950 clarissimi
728 906 766 949 ac
795 885 1010 951 liberalissimi
1042 886 1103 951 viri

143 991 249 1054 neque
272 971 429 1037 uberioris
446 973 630 1056 prouinciae
649 994 753 1056 neque
773 973 889 1039 aetatis
907 975 1012 1059 magis
1035 974 1101 1039 ido-

143 1080 242 1124 neum
264 1063 405 1144 tcmpus,
433 1062 461 1125 si
486 1061 549 1126 hoc
572 1061 731 1145 amiseris,
759 1066 793 1126 te
816 1083 886 1128 esse
909 1063 1011 1127 ullum
1033 1083 1102 1126 nm·

144 1170 242 1232 quam
265 1153 475 1233 reperturum.
524 1163 605 1233 1100,
637 1150 906 1234 quemadmodum
935 1171 993 1216 vos
1026 1151 1101 1214 scri·

143 1237 220 1301 bere
253 1238 363 1303 soletis
394 1239 429 1302 in
460 1237 575 1304 vestris
606 1238 710 1323 libris,
744 1253 834 1300 lnam
856 1237 892 1315 Q.
920 1235 1100 1304 Conanmo

143 1338 358 1388 vlmeearva.
395 1325 436 1391 ln
457 1325 661 1392 Britanniam
684 1331 716 1393 te
739 1327 920 1412 profectum
942 1349 1010 1392 non
1032 1347 1101 1392 esse

143 1414 280 1498 gaudeo,
300 1415 389 1498 quod
412 1418 445 1480 et
465 1416 576 1482 labore
599 1417 731 1481 camneti
752 1420 786 1482 et
808 1437 868 1502 ego
892 1419 924 1481 tc
947 1416 1101 1480 derebus

142 1501 209 1566 illis
232 1523 300 1567 non
322 1503 460 1568 audiam.
496 1503 562 1569 Ubi
585 1505 630 1570 sis
651 1504 880 1571 hibernaturus
903 1509 937 1570 et
958 1527 1023 1589 qua
1045 1525 1102 1588 spe

142 1594 202 1656 aut
225 1591 422 1677 condicione,
445 1593 624 1677 perscribas
648 1595 688 1658 ad
711 1615 762 1659 me
785 1594 889 1662 velim.

560 1769 683 1836 XVIII.

240 1878 297 1935 Ser.
315 1881 346 1936 in
364 1881 514 1952 Pomptino
532 1863 579 1937 Vl.
599 1883 665 1937 Idus
683 1882 793 1952 Apriles
812 1897 837 1938 a.
856 1899 884 1937 u.
902 1899 926 1937 c.
946 1887 1006 1938 ⁷01.

409 2005 537 2061 CICERO
558 2003 740 2060 TREBATIO
761 2003 836 2060 SAL.

212 2103 333 2190 Accepi
356 2127 376 2170 a
397 2109 430 2170 te
448 2106 572 2191 aliquot
589 2105 743 2190 epistolas
761 2127 827 2170 uno
845 2108 1000 2190 tempore,
1022 2125 1102 2188 quas
1122 2117 1136 2165 1

142 2197 180 2259 tu
205 2193 339 2259 diversis
366 2196 566 2279 temporibus
594 2194 739 2259 dederas:
768 2195 804 2258 in
832 2194 947 2278 quibus
974 2213 1025 2257 me
1053 2213 1101 2256 ce-

142 2287 215 2348 tera
238 2281 451 2366 delectarunt3
480 2283 707 2369 significabant
734 2283 819 2348 enim
841 2286 874 2347 te
897 2283 994 2347 istam
1020 2281 1101 2346 mili-

142 2373 225 2436 tiam
247 2372 313 2436 iam
335 2371 428 2438 firmo
456 2373 564 2438 animo
591 2373 674 2437 ferre
702 2375 736 2437 et
761 2393 830 2438 esse
853 2371 971 2438 fortem
997 2372 1102 2436 virum

144 2463 178 2525 et
201 2463 419 2544 constantem,
446 2482 527 2545 quae
551 2482 611 2546 ego
635 2461 810 2546 paullisper
839 2461 873 2526 in
896 2466 928 2526 ta
951 2460 998 2525 ita
1021 2459 1101 2524 desi-

145 2549 264 2634 deravi,
287 2549 389 2628 'onon
411 2549 629 2614 imbecillitate
653 2551 752 2614 animi
774 2551 837 2633 tui,
859 2550 915 2614 sed
937 2549 1042 2635 magis
1065 2552 1102 2613 ut

145 2639 303 2704 desiderio
327 2638 430 2704 nostri
452 2642 484 2702 te
508 2643 654 2706 aestuare
676 2642 833 2723 putarem.
869 2637 974 2713 Quare
994 2657 1103 2722 perge,

144 2732 182 2793 ut
196 2726 345 2811 coepisti3
362 2727 440 2792 forti
455 2727 563 2792 animo
578 2725 674 2792 istam
690 2728 793 2792 tolera
806 2726 967 2790 militiam:
991 2727 1102 2810 multa,

54 2879 57 2885 .
145 2814 347 2900 mihicrede,
370 2836 553 2900 assequere,
576 2836 636 2900 ego
656 2816 742 2880 enim
759 2814 922 2880 renovabo
941 2836 1101 2895 commen-

144 2905 324 2989 dationem,
352 2905 408 2968 sed
430 2907 583 2988 tempore.
629 2902 680 2968 sic
702 2904 836 2987 habeto,
862 2925 930 2968 non
951 2903 1012 2968 tibi
1035 2924 1100 2966 ma·
1138 2930 1141 2934 ·

145 2995 207 3059 iori
230 3014 299 3058 esse
323 3013 431 3077 curae,
458 2997 495 3058 ut
516 2993 578 3057 iste
600 2996 675 3057 tuus
699 3013 719 3056 a
740 3015 792 3057 me
819 2992 977 3058 discessus
1005 3012 1102 3074 quam

145 3081 421 3149 fructuosissimus
452 3081 512 3145 tibi
544 3082 599 3166 sit,
628 3103 725 3165 quam
751 3081 844 3165 mihi3
874 3081 996 3164 itaque,
1024 3099 1101 3162 quo·

145 3172 233 3236 niam
266 3173 392 3236 vestrae
424 3170 589 3235 cautiones
620 3169 766 3234 infirmae
796 3173 885 3252 sunt,
912 3167 1101 3232 Graeculam

145 3260 206 3324 tibi
229 3259 303 3324 misi
326 3259 508 3323 cautionem
526 3258 732 3344 chirographi
751 3259 822 3324 mei.
858 3257 908 3320 Tu
931 3277 982 3320 me
1005 3255 1101 3319 velim

216 3415 270 3487 Ep.
292 3421 371 3484 18,1.
408 3417 599 3482 'sooeirobec
615 3433 641 3470 a.
655 3417 707 3482 toi,
725 3415 916 3483 ecdmcpe'eut
934 3413 1009 3480 (W.).
1045 3427 1102 3466 eon

145 3493 177 3542 ut
194 3488 259 3542 ὑπὸ.
357 3491 390 3541 at
408 3485 503 3554 (Crat.)
524 3490 573 3540 aut
595 3492 627 3541 ut
644 3501 700 3542 aea
718 3485 781 3540 trab.
879 3490 911 3538 ut
930 3483 1004 3551 (W.).
1045 3497 1101 3537 nco

144 3559 165 3613 i.
184 3576 210 3614 a.
230 3563 259 3625 t,
276 3557 322 3613 aed
339 3573 384 3624 m,
401 3562 433 3611 at
449 3556 496 3624 M,
514 3557 609 3627 vulgo.

837 3644 889 3695 14*
