2676 3984
452 207 710 264 EPISTOLARUM
727 207 776 263 IX.
795 213 819 262 2.
839 215 863 262 3.
1068 205 1132 270 261

175 353 316 420 libenter
336 374 516 439 ¹accurrere3
539 355 566 419 si
589 374 684 418 nemo
707 355 817 418 utetur
840 373 948 436 opera,
969 355 1080 418 tamen
1102 354 1136 416 et

177 442 316 508 scribere
344 445 377 507 εὴ
403 442 509 528 legere
533 441 701 517 πολιτείας
722 443 768 524 et,
799 441 827 506 ei
853 440 960 506 minus
988 440 1135 506 incuria

178 534 275 614 atque
297 530 334 595 in
355 530 442 614 foro,
464 535 499 596 at
520 530 557 596 in
578 528 695 594 litteris
718 531 751 594 et
772 529 877 612 libris,
898 531 936 593 ut
958 528 1135 596 doctissimi

177 621 302 684 veteres
333 618 494 703 fecerunt,
526 617 706 705 gubernare
738 639 806 682 rern
837 617 1000 702 publicam
1032 619 1065 680 et
1096 616 1134 681 de

177 707 322 772 moribus
345 728 384 772 ac
405 708 532 793 legibus
555 727 716 791 quaerere.
765 702 848 770 Mihi
869 705 950 770 haec
972 704 1135 770 videntur:

176 799 215 860 tu
238 795 315 880 quid
338 795 382 860 sis
405 799 536 860 acturus
559 797 592 860 et
614 795 690 879 quid
712 793 773 860 tibi
791 795 928 880 placeat,
948 796 1136 880 pergratum

178 883 250 968 crit,
271 884 299 948 si
323 883 438 949 adme
462 883 635 969 scripseris.

627 1085 687 1159 m.

292 1213 349 1270 Sor.
369 1215 474 1270 Romae
492 1215 585 1270 medio
603 1232 698 1272 manse
716 1214 809 1286 Aprili
829 1232 853 1270 a.
872 1233 899 1270 u.
918 1231 942 1270 c.
963 1219 1023 1274 ⁵108.

493 1346 623 1402 CICERO
640 1345 817 1403 VARRONI.

246 1443 329 1530 Etsi,
351 1447 428 1530 quid
451 1447 631 1531 scriberem,
659 1469 728 1513 non
748 1448 922 1534 habebam,
944 1452 1055 1513 tamen
1077 1445 1168 1513 (la-1

177 1535 270 1600 ninio
295 1534 335 1598 ad
358 1538 390 1600 te
414 1535 504 1600 eunti
526 1558 594 1602 non
615 1536 708 1620 potui
730 1537 813 1602 nihil
830 1537 916 1602 dare.
952 1536 1037 1615 Quid
1059 1557 1136 1622 crgo

178 1624 384 1709 potissimum
407 1623 567 1689 scribam?
599 1625 685 1708 quod
707 1625 789 1690 uelle
815 1628 849 1690 te
877 1629 972 1710 puto,
997 1627 1062 1690 cito
1085 1647 1137 1689 ma

179 1711 222 1776 ad
253 1715 286 1776 te
318 1733 388 1777 esse
420 1716 605 1796 uenturum,
641 1713 701 1778 etsi
727 1713 814 1798 vide,
851 1735 984 1798 quaeso,
1016 1714 1137 1778 satisne

178 1803 304 1866 rectum
327 1800 370 1865 sit
392 1823 452 1866 nos
474 1801 537 1867 hoc
559 1804 652 1866 tanto
674 1801 824 1868 incendio
847 1802 986 1867 civitatis
1008 1803 1044 1866 in
1065 1803 1137 1866 istis

178 1889 260 1954 locis
283 1910 366 1954 esse:
390 1888 537 1954 dabimus
561 1911 742 1954 samonem
762 1890 813 1976 iis,
835 1891 891 1974 qui
908 1891 1057 1955 nesciunt
1079 1911 1136 1955 no-

178 1978 245 2062 bis,
280 1999 480 2062 quocumque
515 1977 551 2042 in
582 1979 653 2042 loco
687 1978 801 2062 simus,
836 1979 975 2043 eundem
1006 1979 1137 2062 cultum,

180 2065 319 2131 eundem
341 2067 462 2131 victum
484 2087 562 2131 essa.
606 2064 709 2149 „Quid
730 2065 852 2130 refert?
877 2068 989 2131 tamen
1015 2067 1051 2130 in
1073 2087 1136 2131 sar·

179 2175 311 2220 monem
330 2149 542 2219 incidemus‘t
586 2153 690 2219 Valde
712 2154 759 2238 id,
789 2153 899 2239 credo,
924 2154 1138 2219 laborandum

180 2247 244 2327 est,
266 2265 321 2327 nc,
350 2266 450 2328 quum
473 2265 584 2310 omnes
607 2243 643 2308 in
666 2243 754 2308 omni
781 2264 899 2329 genere
927 2245 960 2307 at
982 2243 1137 2308 scelerum

180 2335 214 2396 εὴ
231 2331 429 2420 flagitiorum
447 2333 642 2416 volutentur,
662 2335 775 2397 nostra
792 2331 961 2397 nobiscum
979 2334 1036 2398 aut
1051 2332 1138 2398 inter

178 2441 242 2485 nos
270 2420 406 2486 cessatio
433 2421 640 2505 vituperetur.
689 2425 759 2506 Ego
786 2441 862 2488 uero
889 2419 1038 2506 neglecta
1064 2420 1172 2490 bar-r

179 2507 334 2574 banorum
351 2509 480 2574 inscitia
496 2529 685 2594 pernequam
707 2510 852 2593 quamvis
870 2509 957 2574 enim
975 2510 1041 2573 sint
1058 2509 1139 2574 haec

179 2597 312 2682 misera,
338 2618 422 2683 quae
445 2601 521 2662 runt
542 2597 734 2682 miserrima,
759 2601 870 2662 tamen
899 2601 984 2662 artas
1007 2602 1138 2666 nostrae

173 2685 291 2750 'nescio
319 2707 382 2775 quo
410 2685 506 2750 modo
534 2707 621 2750 nunc
648 2685 812 2751 uberiores
834 2687 959 2772 fructus
985 2686 1069 2750 ferre
1092 2687 1138 2752 ui·

180 2773 312 2860 dentur,
339 2796 437 2858 quam
460 2774 537 2839 olim
559 2773 720 2858 ferebant,
752 2775 819 2839 sive
842 2774 917 2858 quia
939 2775 1030 2838 nulla
1051 2796 1138 2840 nunc

179 2861 217 2926 in
239 2884 274 2927 ro
297 2861 362 2927 alia
382 2863 629 2947 acquiescimus,
656 2863 723 2927 siva
751 2862 836 2960 qumi
864 2863 1006 2948 gravitas
1033 2864 1138 2930 morbi

178 2950 274 3036 facit,
301 2955 339 3015 ut
361 2951 538 3016 medicinae
562 2971 712 3038 egeamus
736 2971 836 3034 eaque
866 2973 952 3016 nunc
975 2955 1138 3036 appareat,

180 3039 273 3104 cuius
296 3039 362 3104 vim
384 3061 453 3105 non
476 3039 702 3124 sentiebamus
726 3061 825 3126 quum
847 3040 1043 3105 valebamus.
1075 3037 1138 3103 Sed

298 3273 354 3334 .3‚
371 3273 394 3322 1.
435 3265 609 3336 nuqua
630 3284 681 3324 eor.
705 3266 809 3337 (Erum
852 3265 1139 3334 summaeque&

177 3353 231 3393 scr.
259 3341 268 3408 (
307 3338 364 3422 ·)'?‚
388 3336 440 3405 E„
467 3338 535 3421 quid
557 3355 607 3392 scr.
630 3337 697 3392 ΜΒ.
727 3367 760 3377 -
788 3337 883 3407 „Quid
971 3337 1139 3390 incidemuc‘

176 3407 266 3548 m,
291 3408 452 3550 lusa
471 3409 681 3549 tillitus
697 3414 920 3534 {scala
929 3407 1011 3547 (lut.
1048 3423 1137 3532 aaz?

177 3567 205 3604 ca
263 3550 345 3620 L.,B
