2610 3980
336 262 593 319 EPISTOLARUM
612 265 658 319 Ill.
679 272 719 320 10.
741 273 781 319 11.
996 265 1039 330 85

97 407 183 472 animi
207 409 345 474 altitudo
368 409 440 493 fuit,
463 431 529 474 non
552 409 647 476 modo
666 413 702 474 ut
720 408 841 494 Phrygi
865 409 959 474 alicui
983 413 1040 474 aut

97 495 237 580 Lycaoni,
260 497 347 581 quod
368 501 405 562 tu
427 499 463 562 in
484 499 600 584 legatis
622 497 736 582 fecisti,
759 499 814 562 sed
837 520 878 563 ne
902 521 1040 564 summo·

96 607 156 650 rum
178 585 308 669 quidem
330 586 499 652 hominum
520 586 685 652 malevolis
709 586 747 651 de
770 608 821 650 me
840 587 1040 652 sermonibus

97 673 236 738 erederet.
281 671 387 739 Huius
414 675 514 760 igitur
534 675 620 740 filius
648 697 746 758 quum
774 677 816 739 sit
839 696 938 760 gener
965 679 1040 739 tuus

97 783 248 846 quumque
283 767 413 847 praeter
447 763 532 828 hano
568 763 827 829 coniunctionem
863 763 1041 848 affinitatis,

96 872 182 935 quam
214 851 259 914 sis
292 849 350 916 On.
377 849 530 935 Pompeio
563 873 656 917 oarus
689 872 847 936 quamque
874 852 1041 935 iucundus,

95 939 279 1024 intelligam,
312 961 376 1022 quo
407 941 539 1004 tandem
566 941 674 1005 animo
703 941 738 1004 in
765 944 798 1004 te
826 962 894 1006 esse
918 940 1041 1007 debeo?

96 1049 185 1110 quum
207 1028 398 1112 praesertim
421 1049 474 1094 eas
498 1029 538 1092 ad
561 1050 612 1093 me
631 1029 782 1094 litteras
773 1051 800 1092 rs
819 1029 953 1128 miserit,
974 1029 1041 1112 qui·

95 1116 161 1201 bus,
188 1116 317 1181 etiamsi
345 1116 418 1201 tibi,
445 1109 496 1181 oui
525 1139 597 1182 sum
620 1117 842 1201 amicissimae,
868 1116 953 1182 host'
930 1123 971 1180 trs
995 1139 1041 1180 es·

97 1226 164 1290 sem,
185 1205 333 1289 placarer
355 1208 466 1270 tamen
487 1208 655 1290 totumque
682 1227 733 1270 me
757 1205 797 1270 ad
825 1204 892 1270 eius
915 1205 974 1268 viri
996 1206 1043 1270 ita

96 1292 129 1356 de
158 1315 210 1358 me
242 1293 349 1358 meriti
379 1294 580 1359 voluntatem
610 1297 788 1378 nutumque
817 1298 1043 1359 converterem.

96 1378 150 1446 Sed
176 1382 258 1446 haee
285 1382 455 1466 haetenus3
486 1382 631 1466 pluribus
664 1383 749 1446 enim
777 1383 874 1447 etiam
904 1382 1042 1448 fortasse
1064 1395 1094 1444 11

96 1470 207 1556 verbis,
237 1492 334 1554 quam
360 1491 489 1535 neeesse
517 1470 592 1555 fuit,
620 1471 740 1555 scripta
767 1474 855 1536 sunt:
882 1492 969 1535 nuno
997 1492 1043 1556 ea,

97 1579 169 1641 quae
183 1580 204 1623 a
217 1579 270 1622 me
283 1558 430 1642 profecta
443 1581 587 1643 quaeque
605 1559 755 1624 instituta
774 1563 858 1643 sunt,
878 1579 1043 1644 cognosce.

98 1681 842 1696 .............................
855 1651 951 1732 atque
965 1648 1045 1712 haee

97 1735 214 1820 agimus
239 1739 427 1820 etagamus
455 1737 558 1820 magis
586 1758 645 1820 pro
676 1735 834 1822 dignitate
862 1757 958 1821 quam
985 1756 1044 1819 pro

96 1825 230 1905 periculo
253 1827 326 1907 tuo3
352 1827 385 1888 te
398 1824 507 1908 enim,
534 1827 572 1889 ut
594 1845 700 1908 spero,
727 1823 912 1910 propediem
935 1845 1044 1889 censo-

96 1931 156 1976 rem
179 1911 357 1996 audiemus,
380 1911 470 1976 euius
493 1913 702 1998 magistratus
725 1913 841 1996 officia,
866 1933 947 1996 quae
970 1916 1047 1976 sunt

95 2001 220 2064 maximi
243 2000 345 2065 animi
368 2000 546 2084 summique
569 2001 703 2085 consilii,
726 2001 786 2067 tibi
805 2001 991 2084 diligentius
1014 2003 1047 2064 et

95 2088 273 2154 aoouratius
297 2110 395 2171 quam
417 2089 505 2174 haee,
529 2089 609 2173 quae
632 2111 693 2155 nos
716 2089 755 2154 de
778 2093 811 2153 te
834 2089 972 2172 agimus,
996 2108 1046 2151 oo·

93 2176 225 2258 gitanda
247 2198 318 2242 esse
341 2197 464 2242 censeo.

538 2388 594 2454 ΧΙ.

92 2497 144 2552 Ser.
172 2500 204 2554 in
233 2499 334 2555 castris
362 2499 398 2554 ad
425 2499 575 2570 Pyramum
603 2515 697 2626 mgpse
725 2501 804 2556 Iunio
838 2501 913 2570 (post
940 2499 1047 2571 Nonas)

474 2586 499 2624 a.
518 2589 545 2626 u.
566 2588 588 2626 e.
663 2613 669 2625 .

125 2693 167 2746 n.
184 2692 315 2749 cranao
334 2693 390 2748 Ar
410 2693 587 2764 runcano
607 2697 640 2749 ur
658 2710 747 2765 spero,
766 2654 963 2750 cursoris
979 2694 1011 2748 o

154 2792 265 2869 ouum
294 2813 419 2858 essem
424 2792 459 2858 in
491 2795 604 2860 eastris
634 2794 674 2858 ad
706 2793 838 2859 fluvium
866 2793 1048 2880 Pyramum,
1069 2807 1083 2855 1

90 2879 233 2946 redditae
254 2881 335 2946 mihi
354 2885 431 2946 sunt
448 2903 514 2948 uno
532 2887 677 2967 tempore
696 2904 716 2948 a
733 2885 766 2946 te
785 2883 939 2967 epistolae
959 2884 1049 2968 duae,

91 2988 168 3049 quas
192 2969 236 3034 ad
259 2968 372 3046 meQ.
395 2967 547 3036 Servilius
576 2971 677 3036 Tarso
705 2970 849 3035 miserat:
878 2993 987 3036 earum
1014 2972 1050 3034 in

91 3055 192 3122 altera
225 3057 294 3122 dies
327 3060 398 3122 erat
427 3059 585 3210 ascriptus
612 3057 782 3124 Nonarum
809 3058 1024 3143 Aprilium3
1015 3080 1050 3121 1n

92 3142 202 3230 altera,
221 3167 303 3230 quae
322 3145 404 3210 mihi
420 3150 530 3212 reoent
531 3147 580 3212 ior
598 3147 727 3213 ridebat
727 3169 775 3232 ur,
798 3148 864 3212 dies
882 3168 949 3214 non
973 3149 1049 3209 erat.

92 3221 307 3318 Respondebo
336 3234 438 3318 igitur
459 3235 623 3320 superiori
649 3237 752 3320 prius,
783 3236 820 3301 in
846 3257 911 3319 qua
938 3232 1049 3297 seribis

92 3317 131 3383 ad
162 3343 216 3385 me
248 3321 287 3387 de
324 3322 528 3388 absolutione
566 3323 751 3388 maiestatis
805 3322 854 3389 De
885 3341 955 3415 qua
989 3319 1051 3383 etsi

161 3528 288 3667 (glo
292 3539 334 3587 11
366 3531 579 3616 profectadll..
612 3533 738 3602 perflB,
776 3531 827 3600 Ep
850 3535 930 3600 11‚.1
969 3529 1052 3584 ascri·

91 3599 155 3660 plata
209 3599 290 3656 aiteri
309 3605 401 3674 00an
383 3603 581 3673 )adeoripto
599 3602 663 3656 ΜΒ.
