2568 3980
417 237 676 296 EPIS'POLARUM
694 241 740 296 VI.
760 247 784 296 4.
1018 243 1082 309 165

122 381 299 466 Reliquum
322 386 380 470 est,
401 387 493 449 utto
516 389 631 471 angat,
656 386 741 470 quod
764 387 850 452 absis
872 409 893 452 a
913 388 980 452 tuis
1000 392 1118 453 tam-3

123 471 193 536 din:
220 491 273 536 res
299 473 450 558 molesta,
476 475 665 558 praesertim
688 475 729 540 ab
756 475 796 540 iis
818 477 941 560 pueris,
967 477 1083 561 quibus

124 559 208 624 nihil
230 563 339 644 potest
361 581 431 626 esse
452 561 612 646 festivius3
635 563 700 648 sed,
722 567 760 629 ut
782 565 823 629 ad
844 567 878 628 te
896 564 1010 649 scripsi
1027 587 1083 630 an·

123 653 187 734 tea,
209 651 338 736 tempus
359 653 411 716 est
431 651 626 737 huiusmodi,
647 656 685 717 ut
707 673 799 718 suam
818 653 953 738 quisque
976 654 1083 719 condi·

124 739 252 804 cionem
274 739 486 804 miserrimam
508 744 601 824 putet
628 744 674 826 et,
704 741 761 806 ubi
793 743 928 826 quisque
956 743 1012 827 sit,
1037 742 1084 806 ibi

125 849 195 892 esse
218 828 351 893 minime
372 829 458 894 velit.
503 827 672 915 Equidem,
693 851 754 896 nos
796 833 850 913 qui
885 830 1009 896 Romae
1032 853 1083 896 su·

125 939 211 1002 mus,
242 917 438 984 miserrimos
484 938 553 982 esse
581 919 677 1003 duco,
708 940 776 984 non
804 920 909 984 solum
936 919 1023 1005 quod
1048 921 1084 984 in

124 1006 221 1071 malis
239 1006 389 1071 omnibus
408 1007 553 1071 acerbius
572 1009 622 1072 est
639 1007 746 1072 videre
768 1029 866 1091 quam
889 1009 1008 1093 audire,
1028 1008 1084 1073 sed

125 1095 225 1160 etiarn
247 1095 334 1179 quod
357 1094 398 1160 ad
421 1095 532 1161 orirnes
555 1117 648 1161 casus
672 1095 853 1161 subitorum
869 1097 1084 1180 periculorum

125 1185 232 1269 magis
255 1184 373 1249 obiecti
395 1203 518 1269 sumus,
546 1185 694 1268 quamsi
720 1185 917 1268 abessemus;
944 1185 1006 1250 etsi
1032 1205 1084 1248 me

126 1274 247 1357 ipsum,
279 1273 515 1338 consolatorem
545 1276 653 1358 tuum,
687 1295 754 1339 non
790 1276 919 1338 tantum
949 1273 1085 1358 litterae,

75 1377 88 1401 ⁸
128 1361 246 1445 quibus
270 1383 395 1446 semper
423 1362 545 1445 studui,
572 1364 731 1446 quantum
756 1361 979 1448 longinquitas
1005 1364 1084 1426 tem-

127 1450 217 1535 poris
240 1451 410 1535 mitigavit.
456 1449 584 1527 Quanto
607 1451 723 1516 fuerim
746 1451 870 1534 dolore,
896 1450 1084 1515 meministi:
1103 1463 1120 1510 4

126 1539 163 1602 in
190 1560 255 1622 quo
283 1539 389 1623 prima
415 1539 471 1603 illa
499 1540 677 1605 consolatio
706 1543 767 1624 est,
793 1540 911 1604 vidisse
938 1560 989 1604 me
1011 1539 1085 1623 plus

128 1648 226 1711 quam
249 1631 382 1712 ceteros,
404 1648 504 1711 quum
526 1628 694 1712 cupiebam
713 1629 858 1714 quamvis
876 1628 988 1711 iniqua
1011 1649 1085 1692 oon-

129 1715 255 1780 dicione
276 1737 399 1800 pacem,
420 1716 506 1800 quod
525 1717 586 1781 etsi
604 1738 689 1801 casu,
711 1737 780 1782 non
797 1717 995 1781 divinatione
1014 1737 1086 1780 mea

128 1803 252 1868 factum
279 1807 342 1889 est,
368 1805 540 1870 tamenin
567 1804 630 1869 hac
655 1805 747 1869 inani
773 1804 964 1889 prudentiae
991 1804 1085 1869 laude

129 1892 283 1976 delectem
307 1893 430 1976 deinde,
453 1893 540 1978 quod
562 1893 642 1957 mihi
665 1891 706 1957 ad
724 1893 979 1962 consolationem
1002 1914 1086 1957 com-

129 2003 227 2046 mune
248 1984 357 2046 tecum
379 1985 437 2065 est,
460 1982 488 2046 si
505 1982 571 2045 iarn
589 2001 685 2047 vocer
703 1981 744 2045 ad
763 1983 884 2046 exitum
905 1982 1000 2065 vitae,
1018 2001 1087 2044 non

130 2070 171 2134 ab
199 2091 238 2134 ea
263 2091 298 2134 re
325 2069 455 2154 publiea
482 2069 618 2153 arellam
642 2091 707 2153 qua
734 2069 908 2134 carendum
935 2088 1004 2132 esse
1031 2069 1086 2133 do-

129 2159 224 2242 leam,
246 2159 436 2242 praesertim
458 2179 557 2244 quum
579 2157 613 2222 id
640 2159 709 2222 sine
732 2159 799 2222 ullo
823 2177 920 2222 sensu
941 2157 1088 2222 futurum

131 2245 187 2328 sit3
219 2246 351 2311 adiuvat
382 2247 480 2311 etiam
512 2249 601 2311 aetas
633 2249 667 2310 et
698 2243 770 2310 aeta
797 2246 862 2310 iam
893 2245 973 2328 vito,
1005 2266 1086 2328 quae

131 2355 240 2418 quum-
253 2356 348 2400 cursu
371 2355 430 2400 suo
452 2335 535 2400 bene
558 2335 705 2401 confecto
729 2336 880 2418 delectat,
906 2337 977 2398 tum
998 2335 1088 2398 vetat

130 2423 166 2487 in
188 2443 227 2487 eo
249 2424 316 2488 rim
336 2424 464 2509 timere,
486 2445 550 2510 quo
572 2444 634 2489 nos
656 2425 722 2488 iam
743 2427 861 2489 natura
887 2423 958 2507 ipsa
984 2443 1087 2506 paene

130 2511 327 2596 perduxerit3
358 2515 521 2595 postremo
548 2513 576 2576 is
605 2512 656 2577 vir
685 2513 737 2578 vel
764 2513 862 2577 etiam
887 2511 912 2576 ii
938 2511 999 2576 viri
1025 2510 1089 2575 hoe

130 2600 217 2664 bello
244 2600 444 2684 occiderunt,
475 2603 513 2664 ut
543 2601 744 2686 impudentia
775 2601 922 2666 videatur
954 2599 1089 2665 eandem

130 2688 311 2772 fortunam,
343 2689 371 2753 si
402 2709 454 2754 res
481 2693 590 2774 cogat,
617 2710 773 2754 recusare.
817 2687 978 2772 Equidem
1008 2687 1089 2752 mihi

132 2777 242 2844 omnia
264 2798 411 2861 propono
435 2798 495 2841 neo
513 2779 616 2844 ullum
633 2780 684 2842 est
700 2780 830 2842 tantum
850 2776 980 2860 malum,
1003 2775 1089 2860 quod

131 2885 199 2930 non
217 2869 329 2950 putem
346 2865 544 2950 impendere3
567 2866 632 2949 sed,
650 2887 750 2950 quum
767 2866 840 2950 plus
862 2865 899 2928 in
915 2863 1088 2929 metuendo

133 2953 210 3018 mali
233 2953 276 3019 sit
303 2975 400 3039 quam
421 2955 457 3018 in
480 2955 552 3038 ipso
578 2954 649 3038 illo,
676 2953 761 3038 quod
788 2954 934 3037 timetur,
960 2958 1090 3018 metuere

133 3041 255 3127 desino,
277 3043 467 3128 praesertim
489 3061 589 3127 quum
610 3042 644 3107 id
661 3041 855 3127 impendeat,
877 3042 912 3106 in
935 3062 999 3125 quo
1021 3059 1090 3104 non

133 3130 228 3196 modo
251 3130 344 3196 dolor
365 3132 488 3216 nullus,
509 3151 622 3196 verum
642 3131 718 3195 finis
741 3131 839 3195 etiam
861 3129 981 3194 doloris
1002 3128 1089 3192 futu-

132 3238 188 3283 rus
220 3219 271 3284 sit.
322 3217 384 3284 Sed
415 3219 496 3284 haee
528 3219 607 3284 satis
638 3220 742 3284 multa
770 3220 821 3284 vel
847 3218 942 3302 plura
972 3215 1090 3300 potius,

194 3351 247 3422 Ep.
264 3360 294 3420 4,
312 3361 336 3408 3.
370 3368 432 3420 ooo,
454 3355 504 3422 qai
525 3355 586 3423 (M.)
609 3353 645 3413 R.
662 3371 698 3422 a,
715 3353 881 3408 miserrimos
898 3351 944 3417 (Μ,
965 3357 978 3405 1
997 3352 1090 3407 miso·

128 3420 208 3488 rimo)
235 3436 257 3478 e.
284 3419 397 3490 (Klotz).
438 3437 489 3478 ooo
513 3423 587 3491 quod
613 3422 648 3476 R.
672 3440 708 3488 a,
734 3422 917 3476 misrrumum
944 3417 992 3484 (M.
1015 3421 1043 3486 2)
1067 3435 1089 3474 e.

130 3488 255 3557 (vulgo)?
318 3495 350 3542 4:
369 3489 472 3556 fuerim
490 3489 582 3544 dolore
613 3490 658 3556 M„
671 3489 778 3558 vulgo).
813 3486 836 3554 f.
856 3488 887 3541 in
905 3487 932 3544 d.
950 3487 991 3549 Ia,
1010 3485 1087 3566 Β..-

128 3555 345 3689 Ἢξηῶκζο
366 3556 533 3624 moult).
568 3562 587 3612 t.
643 3552 860 3618 canonistas,
884 3551 915 3606 B.
934 3557 1018 3608 -ut
1039 3569 1090 3606 sm-

126 3637 146 3688 p
233 3637 259 3676 es
311 3662 317 3675 .
