2652 3982
231 220 296 286 248
513 221 551 276 u.
572 205 696 276 runa'rr
714 218 904 276 crcaaorus

217 364 327 432 ·Balbi
350 386 477 451 quoque
501 362 643 431 Cornelii
670 386 802 450 operam
829 368 863 431 et
889 365 1093 430 sedulitatem
1120 364 1190 431 lau-

232 454 308 519 darc
325 476 472 539 possum3
494 475 571 518 nam
590 475 663 520 cum
676 451 816 520 Curione
835 453 1040 519 vehementer
1061 454 1191 520 locutus
1317 495 1318 502 κ

231 547 282 610 ast
303 545 437 628 etcum,
459 542 487 608 si
505 543 598 608 aliter
616 542 754 626 fecisset,
770 542 921 607 iniuriam
940 541 1070 608 Caesari
1087 541 1191 608 factu·
1317 543 1318 546 ’

231 653 305 698 rum
327 631 421 716 dixit,
446 634 517 696 tum
539 631 607 696 eius
629 630 726 696 fidem
747 631 783 696 iu
805 631 1021 716 suspicionem
1048 629 1189 696 adduxit
1317 623 1318 656 ¹

231 719 412 787 Decrerant
443 720 587 804 quidam,
618 720 674 803 qui
696 719 778 760 ***
801 740 905 804 neque
936 720 1075 806 transigi
1104 720 1189 786 vole

231 807 502 894 bant„Domitii,
529 805 708 893 Scipiones3
741 808 857 892 quibus
878 808 941 872 hac
969 830 1005 873 re
1028 808 1069 873 ad
1091 808 1189 874 inter-

232 897 410 962 cessionem
437 896 634 962 evocandam
655 897 938 981 interpellantibus
964 897 1189 963 venustissime
1318 963 1319 970 χ

232 982 330 1051 Curio
361 984 530 1070 respondit
561 1007 594 1050 se
626 1007 665 1050 eo
696 985 850 1050 libentius
883 1007 952 1050 non
983 985 1190 1070 intercedere,
1318 979 1319 1020 ³

232 1074 319 1158 quod
337 1074 503 1159 quosdam,
521 1074 577 1158 qui
591 1074 808 1159 decernerent,
824 1074 948 1138 videret
966 1073 1080 1139 confici
1093 1075 1189 1140 nolle.
1318 1091 1319 1098 ¹

196 1161 325 1238 cQuod
353 1163 394 1228 ad
420 1184 489 1227 rem
515 1163 679 1247 publicam
705 1163 836 1247 attinet,
866 1163 901 1226 in
933 1185 1032 1227 unam
1059 1184 1189 1229 eausam

232 1252 341 1316 omnis
360 1251 526 1316 contentio
549 1251 694 1318 coniecta
716 1255 775 1336 est,
797 1251 835 1315 de
858 1251 1044 1336 provinciis:
1067 1252 1103 1316 in
1125 1273 1189 1336 qua

232 1339 337 1404 adhuc
359 1340 543 1406 incubuisse
567 1361 641 1405 cum
662 1344 777 1405 senata
798 1338 972 1425 Pompeius
995 1340 1130 1424 videtur,
1151 1343 1189 1404 ut

232 1425 351 1494 Caesar
377 1427 424 1493 Id.
446 1427 621 1496 Novembr.
648 1428 794 1512 decedat3
822 1426 919 1495 Ourio
943 1429 1052 1494 omnia
1080 1429 1190 1513 potius

232 1517 339 1582 subire
362 1518 531 1583 comtituit
553 1539 650 1603 quam
672 1518 705 1581 id
728 1517 806 1602 pati,
829 1520 952 1582 ceteras
975 1539 1049 1582 suas
1072 1517 1190 1582 abiecit

232 1606 385 1672 actiones.
422 1605 535 1672 Nostri
556 1628 664 1691 porro,
687 1609 826 1690 questu
849 1606 931 1671 bene
952 1607 1050 1690 nosti,
1073 1606 1114 1671 ad
1137 1627 1189 1671 ex-

231 1696 371 1760 tremum
393 1699 556 1760 certamen
573 1716 642 1758 rem
659 1694 815 1759 deducere
833 1715 902 1760 non
920 1695 1049 1760 audent
1086 1693 1190 1760 Scene.

231 1783 279 1848 rei
300 1783 401 1848 totius
423 1784 516 1849 haec:
538 1782 721 1868 Pompeius,
742 1786 908 1867 tamquam
928 1781 1099 1848 Caesarem
1120 1804 1188 1848 uon

231 1871 414 1958 impugnet,
437 1873 507 1958 sed,
534 1872 620 1956 quod
642 1872 691 1936 illi
714 1893 852 1956 aequum
873 1875 980 1958 putet,
1003 1871 1189 1955 constituat,
1317 1847 1320 1922 t

232 1959 279 2024 ait
297 1957 469 2026 Curionem
492 1983 643 2046 quaerere
667 1960 852 2045 discordias,
873 1961 967 2027 valde
990 1965 1099 2027 autem
1121 1982 1189 2026 non

231 2049 302 2114 vult
328 2053 361 2114 et
387 2049 484 2134 plane
510 2049 604 2114 timet
631 2047 800 2115 Caesarem
834 2051 1000 2114 consulem
1026 2049 1189 2136 designari

231 2137 335 2223 prius,
357 2161 455 2222 quam
477 2139 651 2205 exercitum
674 2141 708 2203 et
728 2138 911 2224 provincias
933 2138 1116 2223 tradiderit3
1138 2160 1188 2202 ac·

233 2226 350 2311 cipitur
376 2227 455 2292 satis
482 2228 566 2292 male
593 2249 614 2290 a
635 2225 789 2312 Curione,
815 2231 848 2292 et
869 2230 959 2292 totus
987 2227 1055 2293 eius
1078 2249 1188 2294 secun·

232 2314 292 2381 dus
306 2316 493 2382 consulatus
507 2315 697 2400 exagitatur.
728 2314 800 2380 Hoc
812 2315 875 2381 tibi
888 2315 973 2382 dico:
997 2317 1024 2381 si
1038 2317 1189 2382 omnibus

231 2403 328 2468 rebus
350 2407 498 2488 prement
520 2401 702 2488 Curionem,
724 2402 843 2470 Caesar
865 2405 1016 2470 defendet
1037 2406 1188 2472 interces-

233 2511 351 2574 sorem3
374 2491 402 2556 si
416 2527 458 2538 -
474 2492 559 2576 quod
573 2491 723 2557 videntur
738 2529 779 2540 --
793 2493 1043 2578 reformidarint,
1062 2491 1188 2578 Caesar,

197 2578 340 2664 aquoad
371 2580 471 2664 volet,
503 2581 654 2645 mauebit.
700 2579 804 2657 Quam
831 2582 965 2666 quisque
993 2582 1189 2649 senteutiam

233 2667 362 2754 duent,
388 2668 424 2734 in
451 2670 681 2736 commentario
710 2675 760 2735 est
784 2692 892 2736 rerum
915 2671 1126 2736 urbanarum:
1149 2693 1189 2736 er

232 2778 296 2842 quo
319 2762 371 2844 tu,
399 2779 481 2844 quae
504 2758 604 2844 digna
626 2762 716 2844 sunt,
744 2759 859 2845 selige3
880 2760 984 2825 mults
1009 2761 1127 2845 transi,
1153 2761 1189 2826 in

302 3002 354 3074 Ep.
375 3011 416 3072 11,
431 3010 456 3059 2.
492 3005 645 3061 Decretum
657 3005 770 3076 qaidcrn
785 3005 832 3074 (W
834 3007 859 3074 .).
896 3006 1021 3061 deerant
1034 3007 1141 3076 quidem
1149 3005 1187 3062 M.

231 3077 373 3131 doceam
390 3076 497 3146 quidem
515 3077 599 3144 Man,
617 3076 647 3131 B.
667 3107 701 3117 -—
719 3077 768 3147 qui
786 3076 860 3114 *⁰
878 3093 963 3148 acque
981 3077 1049 3146 (W.;
1073 3078 1122 3147 qai
1143 3093 1188 3132 aa·

231 3165 282 3232 quc
303 3147 367 3202 Asc.
390 3150 453 3219 pa).
498 3147 612 3204 Excidit
637 3148 716 3218 prius
744 3146 859 3218 aliquod
880 3148 1037 3203 membrum
1065 3163 1191 3218 amque

230 3219 377 3289 incipiens.
413 3219 552 3360 quiaqqqe)
561 3219 598 3274 M.
635 3221 684 3289 qm·
701 3219 796 3290 inique
809 3217 893 3286 Orat,
908 3220 938 3274 B.
975 3225 1000 3274 3.
1026 3220 1058 3274 in
1071 3235 1127 3290 qua
1140 3219 1192 3275 ud·

230 3291 284 3346 tac
305 3290 462 3346 incubuisse
605 3291 639 3346 ia
660 3307 742 3360 quam
764 3309 790 3346 a.
813 3295 852 3344 est
873 3291 927 3345 iac.
950 3291 988 3346 Μ.
1029 3290 1062 3345 ia
1083 3307 1140 3362 quo
1162 3308 1190 3345 a.

230 3367 277 3416 eat.
309 3362 363 3416 inc·
382 3359 412 3415 B.
439 3393 476 3403 -
503 3361 606 3416 audeat
634 3361 749 3432 (vulgo).
795 3362 916 3416 audant
938 3361 1003 3415 ΜΒ.
1049 3361 1192 3418 audebunt

232 3433 317 3516 (llil
353 3433 491 3488 audebant
510 3431 641 3500 motat?
659 3463 695 3472 —
712 3433 759 3488 elle
772 3447 887 3502 aequm
901 3431 1007 3502 (Emit
1026 3462 1060 3473 —
1074 3433 1191 3502 procin-

231 3519 290 3557 aas
308 3503 384 3572 (W.).
418 3503 591 3572 prouinciam
608 3502 658 3569 M,
676 3501 771 3574 vulgo.
797 3531 830 3542 -
856 3503 1065 3572 reformidariat
1083 3502 1190 3574 (Orat).

230 3574 448 3642 reformidarunt
465 3575 502 3630 ll.
538 3573 758 3634 reformidabant
775 3573 819 3642 N,
837 3572 869 3630 B.
