2636 3986
24 123 26 146 ι

24 201 26 228 l

24 237 26 256 l

24 313 26 336 l

230 203 298 266 434
515 203 553 257 II.
573 203 696 259 TULLII
713 202 904 259 CICERONIS

656 418 764 485 XVIL

514 520 571 577 Sor.
590 522 697 578 Romae
715 540 741 577 a
759 541 786 576 n
805 539 829 578 e.
849 528 909 577 70&

420 644 458 700 n.
477 645 608 701 CICERO
627 645 655 702 S.
673 645 707 700 D.
727 645 803 700 SER
825 643 997 702 sonrlolo.

196 746 211 796 ¹
295 734 350 802 Μ’.
381 734 510 822 (larius,
546 738 601 822 qui
631 736 737 804 Patris
773 737 976 823 negotiatur,
1011 734 1121 800 multis
1155 737 1193 798 et

229 827 357 911 magnis
380 814 548 890 decausis
575 848 595 890 a
616 849 668 891 me
695 825 853 914 diIIgitur:
880 847 957 891 nam
985 828 1019 889 et
1046 823 1191 888 amicItia

228 918 379 998 pervetus
407 915 489 979 mihi
520 935 593 978 cum
625 937 663 979 eo
695 919 758 1000 est,
786 918 824 980 ut
849 914 991 998 primum
1017 913 1053 978 in
1078 911 1190 976 forum

229 1003 335 1088 venit,
363 1003 528 1086 instituta,
560 1007 593 1068 et
618 1001 725 1068 Patris
756 1025 856 1087 quum
883 1003 1055 1086 aliquoties
1082 1000 1191 1082 antea,

228 1094 299 1155 tum
320 1093 464 1177 proxime
486 1092 549 1157 boc
571 1092 751 1156 miserrimo
773 1091 859 1156 bello
887 1090 1002 1154 domus
1025 1090 1093 1154 cius
1116 1091 1192 1153 tota

228 1179 309 1244 mihi
331 1181 451 1265 patum,
477 1202 555 1265 qua,
582 1181 610 1244 si
633 1201 715 1265 opus
736 1179 864 1266 fnisset,
888 1181 960 1244 tam
983 1199 1087 1244 essem
1108 1198 1190 1242 usus

229 1290 326 1351 quam
349 1291 434 1353 mea3
456 1269 631 1333 maxImum
649 1272 757 1333 autem
775 1268 856 1333 mibi
873 1267 1039 1333 vinculum
1057 1287 1130 1330 cum
1148 1286 1190 1329 eo

229 1360 279 1420 est
307 1358 400 1440 quasi
428 1357 598 1421 sanctioris
625 1357 792 1422 cuiusdam
814 1355 1073 1438 necessitudinIs‚
1100 1353 1190 1438 quod

229 1447 279 1508 est
291 1443 394 1508 Attici
411 1445 516 1510 nostri
533 1445 802 1510 familiarissimus
820 1466 956 1528 eumque
974 1465 1077 1509 unum
1095 1463 1189 1526 prae·

193 1541 209 1588 2
228 1535 278 1596 ter
292 1535 415 1598 ceteros
429 1533 580 1598 observat
593 1554 630 1597 ac
644 1533 759 1620 diligit.
795 1532 897 1609 Quem
916 1533 943 1597 si
961 1536 998 1597 tu
1018 1532 1084 1596 iam
1101 1530 1190 1594 forte

229 1622 391 1705 cognosti,
413 1624 492 1706 puto
519 1641 571 1684 me
597 1621 673 1705 boc,
700 1621 786 1705 quod
812 1621 911 1706 facio,
936 1620 1043 1685 facere
1071 1617 1190 1700 serius3

228 1729 267 1772 ec
290 1713 340 1773 est
362 1711 449 1774 enim
465 1710 668 1774 humanitate
691 1714 724 1774 et
742 1709 957 1792 observantia,
979 1713 1017 1773 ut
1034 1729 1108 1772 eum
1125 1705 1189 1770 tibi

227 1799 293 1861 iam
307 1799 413 1883 ipsum
426 1820 485 1884 per
498 1819 532 1862 se
547 1798 806 1863 commendatum
824 1801 948 1882 putem3
971 1795 1058 1880 quod
1075 1799 1190 1860 tamen

228 1886 255 1950 si
277 1887 324 1950 ita
347 1891 405 1972 est,
426 1908 547 1973 magno
567 1908 662 1971 opere
677 1909 705 1962 a
722 1890 756 1952 te
775 1908 904 1971 quaeso,
925 1889 963 1950 ut
981 1885 1023 1948 ad
1041 1906 1112 1949 eam
1130 1904 1189 1947 vo-

226 1976 399 2059 luntatem,
426 1977 454 2041 si
477 1997 574 2059 quam
595 1976 631 2039 in
653 1976 745 2039 illum
767 1978 843 2039 ante
864 1975 925 2038 has
947 1995 1036 2037 meas
1059 1972 1189 2036 litteras

228 2065 407 2149 contulisti,
434 2086 530 2148 qaam
562 2063 720 2127 maximus
751 2066 861 2146 potest
886 2083 959 2126 mec
982 2058 1189 2126 commenda-

193 2161 209 2210 3
227 2151 316 2216 tione
340 2154 486 2218 cumulus
509 2152 653 2216 accedat:
676 2151 728 2215 sin
750 2154 858 2215 autem
877 2153 1011 2234 propter
1032 2169 1189 2212 verecun-

228 2240 315 2304 diam
337 2263 429 2306 suam
450 2241 558 2305 minus
582 2261 615 2304 se
637 2239 699 2304 tibi
722 2239 841 2304 obtulit
862 2242 920 2303 aut
941 2237 1088 2302 nondum
1111 2257 1189 2299 eum

228 2329 307 2392 satis
329 2329 430 2394 habes
449 2329 615 2414 cognItum
634 2330 691 2392 aut
709 2348 790 2410 quae
809 2329 983 2410 causaest,
1005 2345 1063 2389 cur
1084 2323 1189 2389 maio·

228 2417 272 2479 ris
287 2417 574 2481 commendationis
587 2417 741 2501 indigeat,
759 2415 806 2478 sic
823 2415 883 2480 tibi
897 2435 971 2478 eum
985 2411 1189 2495 commendo,

227 2505 266 2567 ut
278 2523 382 2587 neque
401 2505 521 2568 maiore
540 2504 646 2569 studio
661 2522 854 2588 quemquam
872 2523 976 2586 neque
993 2501 1188 2566 iustioribus
1291 2517 1292 2526 ¹

228 2589 267 2654 de
291 2591 394 2655 causis
417 2591 640 2656 commendare
660 2591 798 2676 possim,
819 2590 999 2672 faciamque
1021 2587 1070 2672 id,
1098 2587 1188 2671 quod

228 2677 347 2741 debent
359 2677 464 2744 fatere
478 2679 510 2762 ii,
529 2680 584 2763 qui
601 2680 750 2764 religiose
769 2681 802 2741 et
819 2679 888 2742 sine
907 2675 1084 2741 ambitione
1099 2697 1188 2740 oom-

227 2765 394 2831 mendant:
417 2766 583 2852 spondebo
601 2768 687 2832 enim
705 2765 766 2830 tibi
783 2767 834 2830 vel
853 2765 962 2850 potius
981 2764 1126 2849 spondeo
1151 2765 1189 2827 in

227 2874 341 2936 meque
355 2856 474 2940 recipio
493 2875 548 2919 eos
563 2877 632 2920 esse
646 2854 699 2918 Μ’.
714 2851 801 2918 (larii
815 2873 920 2918 mores
935 2873 1070 2936 eamque
1085 2874 1187 2935 quum

226 2941 431 3025 probitatem,
447 2944 517 3006 tum
536 2943 633 3006 etiem
645 2941 891 3024 humanitatem,
908 2944 947 3004 ut
964 2962 1038 3005 eum
1059 2941 1093 3004 et
1107 2940 1187 3004 ami·

227 3029 303 3094 citia
329 3032 387 3093 tua
413 3032 446 3092 et
472 3033 540 3092 tam
567 3033 717 3094 accurata
744 3027 1035 3110 commendatione,
1068 3028 1096 3092 si
1124 3026 1188 3092 tibi

227 3119 271 3183 sit
293 3117 452 3202 cognitus,
474 3116 608 3199 dignum
631 3118 675 3182 sis
697 3117 945 3181 existimaturos
990 3115 1075 3179 Mihi
1099 3119 1187 3180 certe

162 3280 166 3286 ,
227 3206 446 3292 gratissimum
467 3202 594 3285 feceris,
622 3205 650 3266 si
671 3205 858 3268 intellexero
880 3203 940 3268 has
962 3203 1090 3268 litteras
1114 3207 1187 3267 tan·

226 3298 306 3377 tum,
327 3295 484 3377 quantum
508 3289 650 3354 scribens
668 3290 877 3375 confidebam,
899 3291 986 3375 apud
1004 3294 1037 3355 te
1056 3291 1187 3376 pondus

226 3379 386 3444 babuisse.

298 3534 451 3602 Ep.17,1.
488 3548 553 3601 qua,
569 3533 595 3586 si
612 3547 680 3600 opos
698 3531 773 3600 (W.).
809 3549 865 3602 qao
881 3535 907 3588 si
924 3548 949 3588 o.
966 3533 998 3588 B.
