<?xml version="1.0" encoding="UTF-8"?>
<!DOCTYPE html PUBLIC "-//W3C//DTD XHTML 1.0 Transitional//EN"
    "http://www.w3.org/TR/xhtml1/DTD/xhtml1-transitional.dtd">
<html xmlns="http://www.w3.org/1999/xhtml" xml:lang="en" lang="en">
 <head>
  <title>
</title>
<meta http-equiv="Content-Type" content="text/html;charset=utf-8" />
  <meta name='ocr-system' content='tesseract 3.04.00' />
  <meta name='ocr-capabilities' content='ocr_page ocr_carea ocr_par ocr_line ocrx_word'/>
</head>
<body>
  <div class='ocr_page' id='page_1' title='image "./epistolae00wesegoog_0551.png"; bbox 0 0 2556 3986; ppageno 0'>
   <div class='ocr_carea' id='block_1_1' title="bbox 332 231 1036 297">
    <p class='ocr_par' dir='ltr' id='par_1_1' title="bbox 332 231 1036 297">
     <span class='ocr_line' id='line_1_1' title="bbox 332 231 1036 297; baseline 0.011 -11"><span class='ocrx_word' id='word_1_1' title='bbox 332 231 592 288; x_wconf 75' lang='lat' dir='ltr'>EPISTOLARUM</span> <span class='ocrx_word' id='word_1_2' title='bbox 608 233 682 289; x_wconf 79' lang='lat' dir='ltr'><strong>XVI.</strong></span> <span class='ocrx_word' id='word_1_3' title='bbox 701 240 796 289; x_wconf 78' lang='lat' dir='ltr'><strong>a-ro</strong></span> <span class='ocrx_word' id='word_1_4' title='bbox 971 231 1036 297; x_wconf 81' lang='lat'><strong>539</strong></span> 
     </span>
    </p>
   </div>
   <div class='ocr_carea' id='block_1_2' title="bbox 80 375 1074 2722">
    <p class='ocr_par' dir='ltr' id='par_1_2' title="bbox 80 375 1074 2722">
     <span class='ocr_line' id='line_1_2' title="bbox 80 375 1037 460; baseline 0.002 -20"><span class='ocrx_word' id='word_1_5' title='bbox 80 375 165 440; x_wconf 89' lang='lat' dir='ltr'><strong>mihi</strong></span> <span class='ocrx_word' id='word_1_6' title='bbox 192 398 212 440; x_wconf 90' lang='lat' dir='ltr'><strong>a</strong></span> <span class='ocrx_word' id='word_1_7' title='bbox 239 379 273 440; x_wconf 89' lang='lat' dir='ltr'><strong>te</strong></span> <span class='ocrx_word' id='word_1_8' title='bbox 300 377 589 460; x_wconf 87' lang='lat' dir='ltr'><strong>exspectatissimas</strong></span> <span class='ocrx_word' id='word_1_9' title='bbox 619 377 745 441; x_wconf 87' lang='lat' dir='ltr'><strong>litteras</strong></span> <span class='ocrx_word' id='word_1_10' title='bbox 775 376 914 441; x_wconf 77' lang='lat' dir='ltr'><strong>reddidit</strong></span> <span class='ocrx_word' id='word_1_11' title='bbox 944 377 1037 442; x_wconf 85' lang='lat' dir='ltr'><strong>datas</strong></span> 
     </span>
     <span class='ocr_line' id='line_1_3' title="bbox 80 463 1037 548; baseline 0.001 -21"><span class='ocrx_word' id='word_1_12' title='bbox 80 463 195 528; x_wconf 88' lang='lat' dir='ltr'><strong>Idibus</strong></span> <span class='ocrx_word' id='word_1_13' title='bbox 217 463 310 548; x_wconf 86' lang='lat' dir='ltr'><strong>Nov,</strong></span> <span class='ocrx_word' id='word_1_14' title='bbox 332 486 415 548; x_wconf 88' lang='lat' dir='ltr'><strong>quae</strong></span> <span class='ocrx_word' id='word_1_15' title='bbox 435 486 486 529; x_wconf 88' lang='lat' dir='ltr'><strong>me</strong></span> <span class='ocrx_word' id='word_1_16' title='bbox 509 465 658 530; x_wconf 86' lang='lat' dir='ltr'><strong>molestia</strong></span> <span class='ocrx_word' id='word_1_17' title='bbox 679 465 771 530; x_wconf 78' lang='lat' dir='ltr'><strong>valde</strong></span> <span class='ocrx_word' id='word_1_18' title='bbox 793 465 954 547; x_wconf 88' lang='lat' dir='ltr'><strong>levarunt,</strong></span> <span class='ocrx_word' id='word_1_19' title='bbox 975 465 1037 528; x_wconf 86' lang='lat' dir='ltr'><strong>uti·</strong></span> 
     </span>
     <span class='ocr_line' id='line_1_4' title="bbox 80 551 1037 635; baseline 0 -19"><span class='ocrx_word' id='word_1_20' title='bbox 80 573 162 616; x_wconf 89' lang='lat' dir='ltr'><strong>nam</strong></span> <span class='ocrx_word' id='word_1_21' title='bbox 184 553 316 617; x_wconf 87' lang='lat' dir='ltr'><strong>omnino</strong></span> <span class='ocrx_word' id='word_1_22' title='bbox 339 552 542 618; x_wconf 75' lang='lat' dir='ltr'><strong>liberassent!</strong></span> <span class='ocrx_word' id='word_1_23' title='bbox 566 554 621 618; x_wconf 89' lang='lat' dir='ltr'><strong>sed</strong></span> <span class='ocrx_word' id='word_1_24' title='bbox 643 555 754 617; x_wconf 86' lang='lat' dir='ltr'><strong>tamen</strong></span> <span class='ocrx_word' id='word_1_25' title='bbox 776 551 917 635; x_wconf 78' lang='lat' dir='ltr'><strong>Asclapo</strong></span> <span class='ocrx_word' id='word_1_26' title='bbox 939 551 1037 616; x_wconf 86' lang='lat' dir='ltr'><strong>medi·</strong></span> 
     </span>
     <span class='ocr_line' id='line_1_5' title="bbox 82 639 1037 725; baseline 0 -22"><span class='ocrx_word' id='word_1_27' title='bbox 82 661 142 703; x_wconf 89' lang='lat' dir='ltr'><strong>cns</strong></span> <span class='ocrx_word' id='word_1_28' title='bbox 173 640 271 723; x_wconf 91' lang='lat' dir='ltr'><strong>plane</strong></span> <span class='ocrx_word' id='word_1_29' title='bbox 299 640 468 705; x_wconf 89' lang='lat' dir='ltr'><strong>confirmat</strong></span> <span class='ocrx_word' id='word_1_30' title='bbox 494 641 680 725; x_wconf 81' lang='lat' dir='ltr'><strong>propediem</strong></span> <span class='ocrx_word' id='word_1_31' title='bbox 709 645 743 705; x_wconf 85' lang='lat' dir='ltr'><strong>te</strong></span> <span class='ocrx_word' id='word_1_32' title='bbox 771 641 933 705; x_wconf 79' lang='lat' dir='ltr'><strong>valentem</strong></span> <span class='ocrx_word' id='word_1_33' title='bbox 958 639 1037 704; x_wconf 85' lang='lat' dir='ltr'><strong>fore.</strong></span> 
     </span>
     <span class='ocr_line' id='line_1_6' title="bbox 82 725 1072 814; baseline 0.004 -22"><span class='ocrx_word' id='word_1_34' title='bbox 82 725 182 792; x_wconf 90' lang='lat' dir='ltr'><strong>Nunc</strong></span> <span class='ocrx_word' id='word_1_35' title='bbox 213 728 290 812; x_wconf 90' lang='lat' dir='ltr'><strong>qnid</strong></span> <span class='ocrx_word' id='word_1_36' title='bbox 321 748 382 813; x_wconf 81' lang='lat' dir='ltr'><strong>ego</strong></span> <span class='ocrx_word' id='word_1_37' title='bbox 409 732 442 792; x_wconf 87' lang='lat' dir='ltr'><strong>te</strong></span> <span class='ocrx_word' id='word_1_38' title='bbox 468 729 592 812; x_wconf 85' lang='lat' dir='ltr'><strong>horter,</strong></span> <span class='ocrx_word' id='word_1_39' title='bbox 623 732 660 793; x_wconf 84' lang='lat' dir='ltr'><strong>ut</strong></span> <span class='ocrx_word' id='word_1_40' title='bbox 682 748 811 794; x_wconf 84' lang='lat' dir='ltr'><strong>omnem</strong></span> <span class='ocrx_word' id='word_1_41' title='bbox 837 727 1072 814; x_wconf 72' lang='lat' dir='ltr'><strong>diligentiam</strong></span> 
     </span>
     <span class='ocr_line' id='line_1_7' title="bbox 84 814 1039 900; baseline 0.002 -22"><span class='ocrx_word' id='word_1_42' title='bbox 84 814 239 879; x_wconf 78' lang='lat' dir='ltr'><strong>adhibeas</strong></span> <span class='ocrx_word' id='word_1_43' title='bbox 275 816 316 880; x_wconf 89' lang='lat' dir='ltr'><strong>ad</strong></span> <span class='ocrx_word' id='word_1_44' title='bbox 352 817 659 882; x_wconf 79' lang='lat' dir='ltr'><strong>convalescendum?</strong></span> <span class='ocrx_word' id='word_1_45' title='bbox 699 820 789 881; x_wconf 91' lang='lat' dir='ltr'><strong>tuam</strong></span> <span class='ocrx_word' id='word_1_46' title='bbox 824 816 1039 900; x_wconf 71' lang='lat' dir='ltr'><strong>prudentiam,</strong></span> 
     </span>
     <span class='ocr_line' id='line_1_8' title="bbox 82 904 1037 990; baseline 0 -22"><span class='ocrx_word' id='word_1_47' title='bbox 82 904 345 988; x_wconf 74' lang='lat' dir='ltr'><strong>temperantiam,</strong></span> <span class='ocrx_word' id='word_1_48' title='bbox 372 925 514 970; x_wconf 85' lang='lat' dir='ltr'><strong>amorem</strong></span> <span class='ocrx_word' id='word_1_49' title='bbox 537 926 614 990; x_wconf 82' lang='lat' dir='ltr'><strong>erga</strong></span> <span class='ocrx_word' id='word_1_50' title='bbox 636 925 687 968; x_wconf 88' lang='lat' dir='ltr'><strong>me</strong></span> <span class='ocrx_word' id='word_1_51' title='bbox 709 905 800 987; x_wconf 78' lang='lat' dir='ltr'><strong>novi3</strong></span> <span class='ocrx_word' id='word_1_52' title='bbox 827 905 892 968; x_wconf 91' lang='lat' dir='ltr'><strong>scio</strong></span> <span class='ocrx_word' id='word_1_53' title='bbox 915 907 948 967; x_wconf 87' lang='lat' dir='ltr'><strong>tc</strong></span> <span class='ocrx_word' id='word_1_54' title='bbox 971 925 1037 968; x_wconf 90' lang='lat' dir='ltr'><strong>om·</strong></span> 
     </span>
     <span class='ocr_line' id='line_1_9' title="bbox 83 991 1038 1076; baseline 0.001 -22"><span class='ocrx_word' id='word_1_55' title='bbox 83 991 141 1054; x_wconf 87' lang='lat' dir='ltr'><strong>nia</strong></span> <span class='ocrx_word' id='word_1_56' title='bbox 161 991 337 1074; x_wconf 79' lang='lat' dir='ltr'><strong>factumn,</strong></span> <span class='ocrx_word' id='word_1_57' title='bbox 363 996 400 1056; x_wconf 92' lang='lat' dir='ltr'><strong>ut</strong></span> <span class='ocrx_word' id='word_1_58' title='bbox 421 993 590 1057; x_wconf 90' lang='lat' dir='ltr'><strong>nobiscum</strong></span> <span class='ocrx_word' id='word_1_59' title='bbox 616 1013 713 1076; x_wconf 86' lang='lat' dir='ltr'><strong>qnam</strong></span> <span class='ocrx_word' id='word_1_60' title='bbox 734 993 875 1076; x_wconf 88' lang='lat' dir='ltr'><strong>primum</strong></span> <span class='ocrx_word' id='word_1_61' title='bbox 897 992 954 1073; x_wconf 82' lang='lat' dir='ltr'><strong>sis3</strong></span> <span class='ocrx_word' id='word_1_62' title='bbox 981 991 1038 1055; x_wconf 89' lang='lat' dir='ltr'><strong>sed</strong></span> 
     </span>
     <span class='ocr_line' id='line_1_10' title="bbox 82 1078 1038 1164; baseline 0.001 -22"><span class='ocrx_word' id='word_1_63' title='bbox 82 1083 195 1142; x_wconf 90' lang='lat' dir='ltr'><strong>tamen</strong></span> <span class='ocrx_word' id='word_1_64' title='bbox 212 1080 259 1143; x_wconf 85' lang='lat' dir='ltr'><strong>ita</strong></span> <span class='ocrx_word' id='word_1_65' title='bbox 276 1079 382 1163; x_wconf 86' lang='lat' dir='ltr'><strong>velim,</strong></span> <span class='ocrx_word' id='word_1_66' title='bbox 399 1083 437 1143; x_wconf 87' lang='lat' dir='ltr'><strong>ut</strong></span> <span class='ocrx_word' id='word_1_67' title='bbox 453 1101 494 1144; x_wconf 90' lang='lat' dir='ltr'><strong>ne</strong></span> <span class='ocrx_word' id='word_1_68' title='bbox 513 1081 590 1164; x_wconf 90' lang='lat' dir='ltr'><strong>quid</strong></span> <span class='ocrx_word' id='word_1_69' title='bbox 608 1101 769 1164; x_wconf 89' lang='lat' dir='ltr'><strong>properes.</strong></span> <span class='ocrx_word' id='word_1_70' title='bbox 806 1078 1038 1164; x_wconf 74' lang='lat' dir='ltr'><strong>Symphoniam</strong></span> 
     </span>
     <span class='ocr_line' id='line_1_11' title="bbox 84 1165 1038 1252; baseline 0 -22"><span class='ocrx_word' id='word_1_71' title='bbox 84 1165 223 1250; x_wconf 81' lang='lat' dir='ltr'><strong>Lysonis</strong></span> <span class='ocrx_word' id='word_1_72' title='bbox 245 1167 361 1232; x_wconf 83' lang='lat' dir='ltr'><strong>vellem</strong></span> <span class='ocrx_word' id='word_1_73' title='bbox 382 1168 526 1252; x_wconf 85' lang='lat' dir='ltr'><strong>vitasscs,</strong></span> <span class='ocrx_word' id='word_1_74' title='bbox 548 1189 589 1232; x_wconf 89' lang='lat' dir='ltr'><strong>nc</strong></span> <span class='ocrx_word' id='word_1_75' title='bbox 612 1169 648 1231; x_wconf 93' lang='lat' dir='ltr'><strong>in</strong></span> <span class='ocrx_word' id='word_1_76' title='bbox 666 1171 815 1251; x_wconf 87' lang='lat' dir='ltr'><strong>quartam</strong></span> <span class='ocrx_word' id='word_1_77' title='bbox 836 1166 1038 1232; x_wconf 84' lang='lat' dir='ltr'><strong>hebdomada</strong></span> 
     </span>
     <span class='ocr_line' id='line_1_12' title="bbox 84 1254 1038 1340; baseline 0.001 -23"><span class='ocrx_word' id='word_1_78' title='bbox 84 1255 255 1338; x_wconf 79' lang='lat' dir='ltr'><strong>incideres3</strong></span> <span class='ocrx_word' id='word_1_79' title='bbox 277 1255 342 1338; x_wconf 92' lang='lat' dir='ltr'><strong>sed,</strong></span> <span class='ocrx_word' id='word_1_80' title='bbox 364 1257 517 1339; x_wconf 88' lang='lat' dir='ltr'><strong>quoniam</strong></span> <span class='ocrx_word' id='word_1_81' title='bbox 534 1256 650 1340; x_wconf 88' lang='lat' dir='ltr'><strong>pudori</strong></span> <span class='ocrx_word' id='word_1_82' title='bbox 668 1259 726 1320; x_wconf 88' lang='lat' dir='ltr'><strong>tuo</strong></span> <span class='ocrx_word' id='word_1_83' title='bbox 744 1255 887 1320; x_wconf 84' lang='lat' dir='ltr'><strong>maluisti</strong></span> <span class='ocrx_word' id='word_1_84' title='bbox 905 1254 1038 1338; x_wconf 88' lang='lat' dir='ltr'><strong>obsequi</strong></span> 
     </span>
     <span class='ocr_line' id='line_1_13' title="bbox 85 1341 1038 1427; baseline 0.001 -23"><span class='ocrx_word' id='word_1_85' title='bbox 85 1364 183 1424; x_wconf 88' lang='lat' dir='ltr'><strong>quam</strong></span> <span class='ocrx_word' id='word_1_86' title='bbox 204 1343 394 1426; x_wconf 85' lang='lat' dir='ltr'><strong>valetudini,</strong></span> <span class='ocrx_word' id='word_1_87' title='bbox 416 1344 539 1427; x_wconf 87' lang='lat' dir='ltr'><strong>reliqua</strong></span> <span class='ocrx_word' id='word_1_88' title='bbox 561 1366 646 1408; x_wconf 89' lang='lat' dir='ltr'><strong>cura.</strong></span> <span class='ocrx_word' id='word_1_89' title='bbox 690 1341 788 1408; x_wconf 78' lang='lat' dir='ltr'><strong>Curio</strong></span> <span class='ocrx_word' id='word_1_90' title='bbox 811 1343 894 1426; x_wconf 90' lang='lat' dir='ltr'><strong>misi,</strong></span> <span class='ocrx_word' id='word_1_91' title='bbox 914 1345 952 1407; x_wconf 90' lang='lat' dir='ltr'><strong>ut</strong></span> <span class='ocrx_word' id='word_1_92' title='bbox 973 1363 1038 1406; x_wconf 89' lang='lat' dir='ltr'><strong>me·</strong></span> 
     </span>
     <span class='ocr_line' id='line_1_14' title="bbox 85 1430 1038 1515; baseline 0.001 -22"><span class='ocrx_word' id='word_1_93' title='bbox 85 1430 157 1494; x_wconf 91' lang='lat' dir='ltr'><strong>dico</strong></span> <span class='ocrx_word' id='word_1_94' title='bbox 175 1431 280 1497; x_wconf 91' lang='lat' dir='ltr'><strong>honos</strong></span> <span class='ocrx_word' id='word_1_95' title='bbox 297 1431 470 1497; x_wconf 87' lang='lat' dir='ltr'><strong>haberetur</strong></span> <span class='ocrx_word' id='word_1_96' title='bbox 488 1436 521 1497; x_wconf 92' lang='lat' dir='ltr'><strong>et</strong></span> <span class='ocrx_word' id='word_1_97' title='bbox 537 1432 598 1497; x_wconf 89' lang='lat' dir='ltr'><strong>tibi</strong></span> <span class='ocrx_word' id='word_1_98' title='bbox 615 1431 716 1514; x_wconf 87' lang='lat' dir='ltr'><strong>daret,</strong></span> <span class='ocrx_word' id='word_1_99' title='bbox 738 1431 824 1515; x_wconf 91' lang='lat' dir='ltr'><strong>quod</strong></span> <span class='ocrx_word' id='word_1_100' title='bbox 842 1453 926 1515; x_wconf 86' lang='lat' dir='ltr'><strong>opus</strong></span> <span class='ocrx_word' id='word_1_101' title='bbox 942 1433 1038 1512; x_wconf 83' lang='lat' dir='ltr'><strong>esset3</strong></span> 
     </span>
     <span class='ocr_line' id='line_1_15' title="bbox 85 1518 1039 1604; baseline 0.001 -24"><span class='ocrx_word' id='word_1_102' title='bbox 85 1539 147 1601; x_wconf 91' lang='lat' dir='ltr'><strong>me,</strong></span> <span class='ocrx_word' id='word_1_103' title='bbox 178 1519 230 1584; x_wconf 89' lang='lat' dir='ltr'><strong>cui</strong></span> <span class='ocrx_word' id='word_1_104' title='bbox 260 1520 419 1604; x_wconf 88' lang='lat' dir='ltr'><strong>iussisset,</strong></span> <span class='ocrx_word' id='word_1_105' title='bbox 451 1524 645 1585; x_wconf 87' lang='lat' dir='ltr'><strong>curaturum.</strong></span> <span class='ocrx_word' id='word_1_106' title='bbox 694 1518 824 1604; x_wconf 78' lang='lat' dir='ltr'><strong>Equum</strong></span> <span class='ocrx_word' id='word_1_107' title='bbox 851 1523 885 1584; x_wconf 92' lang='lat' dir='ltr'><strong>et</strong></span> <span class='ocrx_word' id='word_1_108' title='bbox 915 1519 1039 1582; x_wconf 88' lang='lat' dir='ltr'><strong>mulum</strong></span> 
     </span>
     <span class='ocr_line' id='line_1_16' title="bbox 85 1604 1048 1692; baseline 0.001 -23"><span class='ocrx_word' id='word_1_109' title='bbox 85 1604 250 1671; x_wconf 89' lang='lat' dir='ltr'><strong>Brundisii</strong></span> <span class='ocrx_word' id='word_1_110' title='bbox 271 1608 332 1672; x_wconf 88' lang='lat' dir='ltr'><strong>tibi</strong></span> <span class='ocrx_word' id='word_1_111' title='bbox 353 1609 477 1692; x_wconf 90' lang='lat' dir='ltr'><strong>reliqui.</strong></span> <span class='ocrx_word' id='word_1_112' title='bbox 511 1608 635 1674; x_wconf 90' lang='lat' dir='ltr'><strong>Romae</strong></span> <span class='ocrx_word' id='word_1_113' title='bbox 656 1629 769 1673; x_wconf 81' lang='lat' dir='ltr'><strong>vereor</strong></span> <span class='ocrx_word' id='word_1_114' title='bbox 789 1629 831 1671; x_wconf 90' lang='lat' dir='ltr'><strong>ne</strong></span> <span class='ocrx_word' id='word_1_115' title='bbox 854 1628 894 1672; x_wconf 88' lang='lat' dir='ltr'><strong>ex</strong></span> <span class='ocrx_word' id='word_1_116' title='bbox 911 1606 952 1670; x_wconf 90' lang='lat' dir='ltr'><strong>K.</strong></span> <span class='ocrx_word' id='word_1_117' title='bbox 969 1605 1048 1685; x_wconf 32' lang='lat' dir='ltr'><strong>lan..</strong></span> 
     </span>
     <span class='ocr_line' id='line_1_17' title="bbox 85 1694 1038 1780; baseline 0.001 -24"><span class='ocrx_word' id='word_1_118' title='bbox 85 1695 198 1776; x_wconf 84' lang='lat' dir='ltr'><strong>magni</strong></span> <span class='ocrx_word' id='word_1_119' title='bbox 223 1696 380 1759; x_wconf 90' lang='lat' dir='ltr'><strong>tumultus</strong></span> <span class='ocrx_word' id='word_1_120' title='bbox 407 1697 485 1759; x_wconf 90' lang='lat' dir='ltr'><strong>sint:</strong></span> <span class='ocrx_word' id='word_1_121' title='bbox 516 1717 576 1761; x_wconf 92' lang='lat' dir='ltr'><strong>nos</strong></span> <span class='ocrx_word' id='word_1_122' title='bbox 609 1716 741 1780; x_wconf 83' lang='lat' dir='ltr'><strong>agemus</strong></span> <span class='ocrx_word' id='word_1_123' title='bbox 771 1696 880 1760; x_wconf 91' lang='lat' dir='ltr'><strong>omnia</strong></span> <span class='ocrx_word' id='word_1_124' title='bbox 905 1694 1038 1758; x_wconf 90' lang='lat' dir='ltr'><strong>modice.</strong></span> 
     </span>
     <span class='ocr_line' id='line_1_18' title="bbox 86 1780 1074 1866; baseline 0.004 -24"><span class='ocrx_word' id='word_1_125' title='bbox 86 1780 259 1863; x_wconf 87' lang='lat' dir='ltr'><strong>Reliquum</strong></span> <span class='ocrx_word' id='word_1_126' title='bbox 281 1785 343 1865; x_wconf 90' lang='lat' dir='ltr'><strong>est,</strong></span> <span class='ocrx_word' id='word_1_127' title='bbox 364 1784 401 1846; x_wconf 91' lang='lat' dir='ltr'><strong>ut</strong></span> <span class='ocrx_word' id='word_1_128' title='bbox 422 1785 455 1845; x_wconf 89' lang='lat' dir='ltr'><strong>te</strong></span> <span class='ocrx_word' id='word_1_129' title='bbox 476 1783 539 1846; x_wconf 92' lang='lat' dir='ltr'><strong>hoc</strong></span> <span class='ocrx_word' id='word_1_130' title='bbox 561 1804 674 1866; x_wconf 86' lang='lat' dir='ltr'><strong>rogem</strong></span> <span class='ocrx_word' id='word_1_131' title='bbox 695 1786 729 1846; x_wconf 90' lang='lat' dir='ltr'><strong>et</strong></span> <span class='ocrx_word' id='word_1_132' title='bbox 750 1803 770 1845; x_wconf 92' lang='lat' dir='ltr'><strong>a</strong></span> <span class='ocrx_word' id='word_1_133' title='bbox 791 1785 825 1845; x_wconf 90' lang='lat' dir='ltr'><strong>te</strong></span> <span class='ocrx_word' id='word_1_134' title='bbox 846 1785 969 1864; x_wconf 89' lang='lat' dir='ltr'><strong>petam,</strong></span> <span class='ocrx_word' id='word_1_135' title='bbox 996 1797 1074 1846; x_wconf 73' lang='lat' dir='ltr'><strong>nel</strong></span> 
     </span>
     <span class='ocr_line' id='line_1_19' title="bbox 86 1868 1039 1953; baseline 0.002 -23"><span class='ocrx_word' id='word_1_136' title='bbox 86 1872 207 1930; x_wconf 88' lang='lat' dir='ltr'><strong>temere</strong></span> <span class='ocrx_word' id='word_1_137' title='bbox 229 1869 423 1953; x_wconf 79' lang='lat' dir='ltr'><strong>naviges-</strong></span> <span class='ocrx_word' id='word_1_138' title='bbox 443 1870 549 1932; x_wconf 88' lang='lat' dir='ltr'><strong>solent</strong></span> <span class='ocrx_word' id='word_1_139' title='bbox 570 1872 688 1933; x_wconf 88' lang='lat' dir='ltr'><strong>nautae</strong></span> <span class='ocrx_word' id='word_1_140' title='bbox 710 1868 864 1933; x_wconf 85' lang='lat' dir='ltr'><strong>festinare</strong></span> <span class='ocrx_word' id='word_1_141' title='bbox 887 1870 1039 1951; x_wconf 85' lang='lat' dir='ltr'><strong>quaestus</strong></span> 
     </span>
     <span class='ocr_line' id='line_1_20' title="bbox 87 1955 1039 2039; baseline -0.001 -20"><span class='ocrx_word' id='word_1_142' title='bbox 87 1955 138 2019; x_wconf 90' lang='lat' dir='ltr'><strong>sui</strong></span> <span class='ocrx_word' id='word_1_143' title='bbox 161 1976 258 2019; x_wconf 88' lang='lat' dir='ltr'><strong>causa</strong></span> <span class='ocrx_word' id='word_1_144' title='bbox 272 1991 324 2039; x_wconf 84' lang='lat'><strong>-,</strong></span> <span class='ocrx_word' id='word_1_145' title='bbox 347 1959 460 2020; x_wconf 88' lang='lat' dir='ltr'><strong>cautus</strong></span> <span class='ocrx_word' id='word_1_146' title='bbox 483 1956 536 2039; x_wconf 90' lang='lat' dir='ltr'><strong>sis,</strong></span> <span class='ocrx_word' id='word_1_147' title='bbox 558 1957 602 2020; x_wconf 89' lang='lat' dir='ltr'><strong>mi</strong></span> <span class='ocrx_word' id='word_1_148' title='bbox 626 1956 759 2020; x_wconf 84' lang='lat' dir='ltr'><strong>Tiro-</strong></span> <span class='ocrx_word' id='word_1_149' title='bbox 773 1977 861 2020; x_wconf 91' lang='lat' dir='ltr'><strong>mare</strong></span> <span class='ocrx_word' id='word_1_150' title='bbox 885 1975 1039 2039; x_wconf 83' lang='lat' dir='ltr'><strong>magnum</strong></span> 
     </span>
     <span class='ocr_line' id='line_1_21' title="bbox 86 2043 1039 2127; baseline -0.001 -20"><span class='ocrx_word' id='word_1_151' title='bbox 86 2046 122 2107; x_wconf 88' lang='lat' dir='ltr'><strong>et</strong></span> <span class='ocrx_word' id='word_1_152' title='bbox 143 2043 273 2108; x_wconf 90' lang='lat' dir='ltr'><strong>difficile</strong></span> <span class='ocrx_word' id='word_1_153' title='bbox 295 2043 356 2108; x_wconf 93' lang='lat' dir='ltr'><strong>tibi</strong></span> <span class='ocrx_word' id='word_1_154' title='bbox 378 2047 480 2107; x_wconf 85' lang='lat' dir='ltr'><strong>restat</strong></span> <span class='ocrx_word' id='word_1_155' title='bbox 502 2079 559 2127; x_wconf 90' lang='lat'><strong>—,</strong></span> <span class='ocrx_word' id='word_1_156' title='bbox 586 2044 614 2108; x_wconf 89' lang='lat' dir='ltr'><strong>si</strong></span> <span class='ocrx_word' id='word_1_157' title='bbox 635 2044 766 2127; x_wconf 88' lang='lat' dir='ltr'><strong>poteris,</strong></span> <span class='ocrx_word' id='word_1_158' title='bbox 789 2065 862 2108; x_wconf 89' lang='lat' dir='ltr'><strong>cum</strong></span> <span class='ocrx_word' id='word_1_159' title='bbox 883 2043 1039 2107; x_wconf 86' lang='lat' dir='ltr'><strong>Mescinio</strong></span> 
     </span>
     <span class='ocr_line' id='line_1_22' title="bbox 88 2130 1039 2216; baseline -0.001 -21"><span class='ocrx_word' id='word_1_160' title='bbox 88 2167 131 2177; x_wconf 95' lang='lat'>-</span> <span class='ocrx_word' id='word_1_161' title='bbox 154 2135 247 2196; x_wconf 88' lang='lat' dir='ltr'><strong>caute</strong></span> <span class='ocrx_word' id='word_1_162' title='bbox 273 2131 301 2195; x_wconf 91' lang='lat' dir='ltr'><strong>is</strong></span> <span class='ocrx_word' id='word_1_163' title='bbox 328 2133 411 2196; x_wconf 88' lang='lat' dir='ltr'><strong>solet</strong></span> <span class='ocrx_word' id='word_1_164' title='bbox 436 2132 590 2216; x_wconf 79' lang='lat' dir='ltr'><strong>navigare</strong></span> <span class='ocrx_word' id='word_1_165' title='bbox 612 2167 670 2214; x_wconf 88' lang='lat'><strong>-,</strong></span> <span class='ocrx_word' id='word_1_166' title='bbox 696 2131 724 2196; x_wconf 92' lang='lat' dir='ltr'><strong>si</strong></span> <span class='ocrx_word' id='word_1_167' title='bbox 746 2132 867 2214; x_wconf 89' lang='lat' dir='ltr'><strong>minus,</strong></span> <span class='ocrx_word' id='word_1_168' title='bbox 888 2152 961 2195; x_wconf 89' lang='lat' dir='ltr'><strong>curn</strong></span> <span class='ocrx_word' id='word_1_169' title='bbox 982 2130 1039 2195; x_wconf 91' lang='lat' dir='ltr'><strong>ho-</strong></span> 
     </span>
     <span class='ocr_line' id='line_1_23' title="bbox 87 2218 1040 2303; baseline -0.001 -21"><span class='ocrx_word' id='word_1_170' title='bbox 87 2221 182 2282; x_wconf 85' lang='lat' dir='ltr'><strong>nesto</strong></span> <span class='ocrx_word' id='word_1_171' title='bbox 205 2219 312 2303; x_wconf 89' lang='lat' dir='ltr'><strong>aliquo</strong></span> <span class='ocrx_word' id='word_1_172' title='bbox 334 2219 479 2303; x_wconf 85' lang='lat' dir='ltr'><strong>homine,</strong></span> <span class='ocrx_word' id='word_1_173' title='bbox 501 2220 590 2284; x_wconf 91' lang='lat' dir='ltr'><strong>ouius</strong></span> <span class='ocrx_word' id='word_1_174' title='bbox 614 2219 805 2284; x_wconf 87' lang='lat' dir='ltr'><strong>auctoritate</strong></span> <span class='ocrx_word' id='word_1_175' title='bbox 825 2218 1040 2284; x_wconf 84' lang='lat' dir='ltr'><strong>navicularius</strong></span> 
     </span>
     <span class='ocr_line' id='line_1_24' title="bbox 88 2305 1040 2392; baseline -0.001 -22"><span class='ocrx_word' id='word_1_176' title='bbox 88 2309 264 2372; x_wconf 86' lang='lat' dir='ltr'><strong>moveatur.</strong></span> <span class='ocrx_word' id='word_1_177' title='bbox 299 2307 339 2372; x_wconf 89' lang='lat' dir='ltr'><strong>In</strong></span> <span class='ocrx_word' id='word_1_178' title='bbox 361 2307 422 2372; x_wconf 93' lang='lat' dir='ltr'><strong>hoc</strong></span> <span class='ocrx_word' id='word_1_179' title='bbox 446 2328 574 2372; x_wconf 89' lang='lat' dir='ltr'><strong>omnem</strong></span> <span class='ocrx_word' id='word_1_180' title='bbox 592 2308 793 2392; x_wconf 83' lang='lat' dir='ltr'><strong>diligentiam</strong></span> <span class='ocrx_word' id='word_1_181' title='bbox 812 2307 839 2371; x_wconf 90' lang='lat' dir='ltr'><strong>si</strong></span> <span class='ocrx_word' id='word_1_182' title='bbox 857 2305 1040 2371; x_wconf 86' lang='lat' dir='ltr'><strong>adhibueris</strong></span> 
     </span>
     <span class='ocr_line' id='line_1_25' title="bbox 87 2393 1040 2479; baseline 0 -21"><span class='ocrx_word' id='word_1_183' title='bbox 87 2397 183 2478; x_wconf 88' lang='lat' dir='ltr'><strong>teque</strong></span> <span class='ocrx_word' id='word_1_184' title='bbox 205 2395 299 2460; x_wconf 92' lang='lat' dir='ltr'><strong>nobis</strong></span> <span class='ocrx_word' id='word_1_185' title='bbox 322 2396 515 2460; x_wconf 89' lang='lat' dir='ltr'><strong>incolumem</strong></span> <span class='ocrx_word' id='word_1_186' title='bbox 538 2396 667 2479; x_wconf 88' lang='lat' dir='ltr'><strong>stiteris,</strong></span> <span class='ocrx_word' id='word_1_187' title='bbox 689 2396 798 2460; x_wconf 90' lang='lat' dir='ltr'><strong>omnia</strong></span> <span class='ocrx_word' id='word_1_188' title='bbox 818 2417 838 2459; x_wconf 92' lang='lat' dir='ltr'><strong>a</strong></span> <span class='ocrx_word' id='word_1_189' title='bbox 855 2399 888 2459; x_wconf 89' lang='lat' dir='ltr'><strong>te</strong></span> <span class='ocrx_word' id='word_1_190' title='bbox 905 2393 1040 2458; x_wconf 76' lang='lat' dir='ltr'><strong>habebo,</strong></span> 
     </span>
     <span class='ocr_line' id='line_1_26' title="bbox 87 2479 1040 2568; baseline 0 -21"><span class='ocrx_word' id='word_1_191' title='bbox 87 2481 198 2547; x_wconf 81' lang='lat' dir='ltr'><strong>Etiam</strong></span> <span class='ocrx_word' id='word_1_192' title='bbox 220 2486 315 2567; x_wconf 88' lang='lat' dir='ltr'><strong>atque</strong></span> <span class='ocrx_word' id='word_1_193' title='bbox 338 2484 445 2568; x_wconf 91' lang='lat' dir='ltr'><strong>etiam,</strong></span> <span class='ocrx_word' id='word_1_194' title='bbox 467 2487 578 2548; x_wconf 87' lang='lat' dir='ltr'><strong>noster</strong></span> <span class='ocrx_word' id='word_1_195' title='bbox 600 2483 686 2567; x_wconf 82' lang='lat' dir='ltr'><strong>Tiro,</strong></span> <span class='ocrx_word' id='word_1_196' title='bbox 707 2484 787 2548; x_wconf 84' lang='lat' dir='ltr'><strong>vale.</strong></span> <span class='ocrx_word' id='word_1_197' title='bbox 822 2482 957 2565; x_wconf 90' lang='lat' dir='ltr'><strong>Medico,</strong></span> <span class='ocrx_word' id='word_1_198' title='bbox 979 2479 1040 2547; x_wconf 83' lang='lat' dir='ltr'><strong>(lu-</strong></span> 
     </span>
     <span class='ocr_line' id='line_1_27' title="bbox 88 2569 1043 2721; baseline 0.002 -87"><span class='ocrx_word' id='word_1_199' title='bbox 88 2569 151 2721; x_wconf 54' lang='lat' dir='ltr'><strong>rpp,</strong></span> <span class='ocrx_word' id='word_1_200' title='bbox 177 2569 298 2655; x_wconf 79' lang='lat' dir='ltr'><strong>Lysoni</strong></span> <span class='ocrx_word' id='word_1_201' title='bbox 329 2571 369 2636; x_wconf 87' lang='lat' dir='ltr'><strong>dc</strong></span> <span class='ocrx_word' id='word_1_202' title='bbox 399 2575 433 2636; x_wconf 88' lang='lat' dir='ltr'><strong>te</strong></span> <span class='ocrx_word' id='word_1_203' title='bbox 460 2572 573 2657; x_wconf 79' lang='lat' dir='ltr'><strong>scripsi</strong></span> <span class='ocrx_word' id='word_1_204' title='bbox 600 2571 853 2659; x_wconf 81' lang='lat' dir='ltr'><strong>diligentissime.</strong></span> <span class='ocrx_word' id='word_1_205' title='bbox 902 2570 985 2637; x_wconf 86' lang='lat' dir='ltr'><strong>Vale</strong></span> <span class='ocrx_word' id='word_1_206' title='bbox 1012 2574 1043 2636; x_wconf 77' lang='lat' dir='ltr'><strong>ct</strong></span> 
     </span>
     <span class='ocr_line' id='line_1_28' title="bbox 90 2679 348 2722; baseline 0 0"><span class='ocrx_word' id='word_1_207' title='bbox 90 2679 106 2722; x_wconf 88' lang='lat' dir='ltr'><strong>s</strong></span> <span class='ocrx_word' id='word_1_208' title='bbox 139 2679 186 2722; x_wconf 77' lang='lat' dir='ltr'><strong>ve.</strong></span> <span class='ocrx_word' id='word_1_209' title='bbox 346 2681 348 2688; x_wconf 86' lang='lat'><em>·</em></span> 
     </span>
    </p>
   </div>
   <div class='ocr_carea' id='block_1_3' title="bbox 543 2850 582 2917">
    <p class='ocr_par' dir='ltr' id='par_1_3' title="bbox 543 2850 582 2917">
     <span class='ocr_line' id='line_1_29' title="bbox 543 2850 582 2917; baseline -0.026 0"><span class='ocrx_word' id='word_1_210' title='bbox 543 2850 582 2917; x_wconf 87' lang='lat' dir='ltr'><strong>X.</strong></span> 
     </span>
    </p>
   </div>
   <div class='ocr_carea' id='block_1_4' title="bbox 262 2963 868 3024">
    <p class='ocr_par' dir='ltr' id='par_1_4' title="bbox 262 2963 868 3024">
     <span class='ocr_line' id='line_1_30' title="bbox 262 2963 868 3024; baseline 0 -4"><span class='ocrx_word' id='word_1_211' title='bbox 262 2963 319 3020; x_wconf 85' lang='lat' dir='ltr'><strong>Sor.</strong></span> <span class='ocrx_word' id='word_1_212' title='bbox 337 2963 367 3018; x_wconf 89' lang='lat' dir='ltr'><strong>in</strong></span> <span class='ocrx_word' id='word_1_213' title='bbox 385 2963 508 3019; x_wconf 82' lang='lat' dir='ltr'><strong>Cumano</strong></span> <span class='ocrx_word' id='word_1_214' title='bbox 526 2981 562 3018; x_wconf 91' lang='lat' dir='ltr'><strong>m.</strong></span> <span class='ocrx_word' id='word_1_215' title='bbox 581 2963 657 3019; x_wconf 88' lang='lat' dir='ltr'><strong>Maio</strong></span> <span class='ocrx_word' id='word_1_216' title='bbox 676 2980 701 3019; x_wconf 86' lang='lat' dir='ltr'><strong>a.</strong></span> <span class='ocrx_word' id='word_1_217' title='bbox 720 2981 746 3019; x_wconf 87' lang='lat' dir='ltr'><strong>u.</strong></span> <span class='ocrx_word' id='word_1_218' title='bbox 765 2978 788 3018; x_wconf 90' lang='lat' dir='ltr'><strong>c.</strong></span> <span class='ocrx_word' id='word_1_219' title='bbox 808 2968 868 3024; x_wconf 77' lang='lat'><strong>⁷00.</strong></span> 
     </span>
    </p>
   </div>
   <div class='ocr_carea' id='block_1_5' title="bbox 367 3086 762 3143">
    <p class='ocr_par' dir='ltr' id='par_1_5' title="bbox 367 3086 762 3143">
     <span class='ocr_line' id='line_1_31' title="bbox 367 3086 762 3143; baseline 0 -2"><span class='ocrx_word' id='word_1_220' title='bbox 367 3086 521 3142; x_wconf 80' lang='lat' dir='ltr'>TULLIUS</span> <span class='ocrx_word' id='word_1_221' title='bbox 540 3087 669 3143; x_wconf 81' lang='lat' dir='ltr'>TIRONI</span> <span class='ocrx_word' id='word_1_222' title='bbox 687 3086 762 3142; x_wconf 82' lang='lat' dir='ltr'><strong>SAL.</strong></span> 
     </span>
    </p>
   </div>
   <div class='ocr_carea' id='block_1_6' title="bbox 91 3183 1074 3372">
    <p class='ocr_par' dir='ltr' id='par_1_6' title="bbox 91 3183 1074 3372">
     <span class='ocr_line' id='line_1_32' title="bbox 155 3183 1074 3272; baseline -0.005 -21"><span class='ocrx_word' id='word_1_223' title='bbox 155 3184 229 3272; x_wconf 81' lang='lat' dir='ltr'><strong>Ego</strong></span> <span class='ocrx_word' id='word_1_224' title='bbox 242 3207 318 3252; x_wconf 79' lang='lat' dir='ltr'><strong>vero</strong></span> <span class='ocrx_word' id='word_1_225' title='bbox 333 3187 426 3270; x_wconf 88' lang='lat' dir='ltr'><strong>cupio</strong></span> <span class='ocrx_word' id='word_1_226' title='bbox 440 3191 473 3252; x_wconf 92' lang='lat' dir='ltr'><strong>te</strong></span> <span class='ocrx_word' id='word_1_227' title='bbox 487 3187 528 3252; x_wconf 86' lang='lat' dir='ltr'><strong>ad</strong></span> <span class='ocrx_word' id='word_1_228' title='bbox 545 3208 596 3251; x_wconf 89' lang='lat' dir='ltr'><strong>me</strong></span> <span class='ocrx_word' id='word_1_229' title='bbox 615 3187 733 3270; x_wconf 82' lang='lat' dir='ltr'><strong>venire,</strong></span> <span class='ocrx_word' id='word_1_230' title='bbox 753 3185 808 3251; x_wconf 86' lang='lat' dir='ltr'><strong>sed</strong></span> <span class='ocrx_word' id='word_1_231' title='bbox 826 3185 911 3249; x_wconf 85' lang='lat' dir='ltr'><strong>viam</strong></span> <span class='ocrx_word' id='word_1_232' title='bbox 928 3183 1040 3250; x_wconf 86' lang='lat' dir='ltr'><strong>timeo:</strong></span> <span class='ocrx_word' id='word_1_233' title='bbox 1060 3198 1074 3246; x_wconf 91' lang='lat'>1</span> 
     </span>
     <span class='ocr_line' id='line_1_33' title="bbox 91 3273 1041 3372; baseline -0.002 -34"><span class='ocrx_word' id='word_1_234' title='bbox 91 3274 277 3360; x_wconf 65' lang='lat' dir='ltr'><strong>gradsmme</strong></span> <span class='ocrx_word' id='word_1_235' title='bbox 300 3275 484 3372; x_wconf 79' lang='lat' dir='ltr'><strong>aegrotasti,</strong></span> <span class='ocrx_word' id='word_1_236' title='bbox 506 3275 613 3340; x_wconf 87' lang='lat' dir='ltr'><strong>inedia</strong></span> <span class='ocrx_word' id='word_1_237' title='bbox 635 3277 669 3339; x_wconf 88' lang='lat' dir='ltr'><strong>et</strong></span> <span class='ocrx_word' id='word_1_238' title='bbox 685 3273 932 3360; x_wconf 82' lang='lat' dir='ltr'><strong>purgationibus</strong></span> <span class='ocrx_word' id='word_1_239' title='bbox 954 3275 987 3336; x_wconf 88' lang='lat' dir='ltr'><strong>et</strong></span> <span class='ocrx_word' id='word_1_240' title='bbox 1009 3273 1041 3336; x_wconf 81' lang='lat' dir='ltr'><strong>vi</strong></span> 
     </span>
    </p>
   </div>
   <div class='ocr_carea' id='block_1_7' title="bbox 90 3479 1041 3624">
    <p class='ocr_par' dir='ltr' id='par_1_7' title="bbox 90 3479 1041 3624">
     <span class='ocr_line' id='line_1_34' title="bbox 160 3479 1041 3553; baseline -0.005 -15"><span class='ocrx_word' id='word_1_241' title='bbox 160 3483 212 3551; x_wconf 81' lang='lat' dir='ltr'><strong>Ep.</strong></span> <span class='ocrx_word' id='word_1_242' title='bbox 232 3490 256 3551; x_wconf 83' lang='grc'><strong>9,</strong></span> <span class='ocrx_word' id='word_1_243' title='bbox 271 3489 295 3538; x_wconf 84' lang='grc'><strong>3.</strong></span> <span class='ocrx_word' id='word_1_244' title='bbox 332 3483 403 3538; x_wconf 64' lang='lat' dir='ltr'><strong>not:</strong></span> <span class='ocrx_word' id='word_1_245' title='bbox 424 3498 474 3537; x_wconf 77' lang='lat' dir='ltr'><strong>ooo</strong></span> <span class='ocrx_word' id='word_1_246' title='bbox 492 3483 566 3551; x_wconf 91' lang='lat' dir='ltr'>(W.).</span> <span class='ocrx_word' id='word_1_247' title='bbox 603 3495 624 3538; x_wconf 83' lang='lat' dir='ltr'><strong>o.</strong></span> <span class='ocrx_word' id='word_1_248' title='bbox 652 3479 712 3536; x_wconf 82' lang='lat' dir='ltr'><strong>Nos</strong></span> <span class='ocrx_word' id='word_1_249' title='bbox 734 3480 828 3553; x_wconf 80' lang='lat' dir='ltr'><strong>vulgo.</strong></span> <span class='ocrx_word' id='word_1_250' title='bbox 869 3486 895 3535; x_wconf 87' lang='lat'><strong>4.</strong></span> <span class='ocrx_word' id='word_1_251' title='bbox 929 3479 995 3536; x_wconf 81' lang='lat' dir='ltr'><strong>Vale</strong></span> <span class='ocrx_word' id='word_1_252' title='bbox 1016 3485 1041 3534; x_wconf 83' lang='lat' dir='ltr'><strong>el</strong></span> 
     </span>
     <span class='ocr_line' id='line_1_35' title="bbox 90 3552 551 3624; baseline 0 -16"><span class='ocrx_word' id='word_1_253' title='bbox 90 3553 161 3608; x_wconf 79' lang='lat' dir='ltr'><strong>salve</strong></span> <span class='ocrx_word' id='word_1_254' title='bbox 178 3553 253 3624; x_wconf 85' lang='lat' dir='ltr'><strong>(W.).</strong></span> <span class='ocrx_word' id='word_1_255' title='bbox 296 3552 336 3623; x_wconf 76' lang='lat' dir='ltr'><strong>V,</strong></span> <span class='ocrx_word' id='word_1_256' title='bbox 354 3569 376 3616; x_wconf 78' lang='lat' dir='ltr'><strong>e.</strong></span> <span class='ocrx_word' id='word_1_257' title='bbox 393 3553 440 3621; x_wconf 76' lang='lat' dir='ltr'><strong>M,</strong></span> <span class='ocrx_word' id='word_1_258' title='bbox 458 3553 551 3623; x_wconf 83' lang='lat' dir='ltr'><strong>vulgo.</strong></span> 
     </span>
    </p>
   </div>
   <div class='ocr_carea' id='block_1_8' title="bbox 0 0 1297 3986">
    <p class='ocr_par' dir='ltr' id='par_1_8' title="bbox 0 0 1297 3986">
     <span class='ocr_line' id='line_1_36' title="bbox 0 0 1297 3986; baseline 0 0"><span class='ocrx_word' id='word_1_259' title='bbox 0 0 1297 3986; x_wconf 95' lang='lat' dir='ltr'><strong> </strong></span> 
     </span>
    </p>
   </div>
  </div>
 </body>
</html>
