2610 3980
330 167 589 224 EPISTOLARUM
607 169 654 224 lV.
675 174 699 224 2.
718 175 743 224 3.
970 166 1014 232 95

99 308 256 394 potuissent.
289 311 398 377 Dices:
420 312 516 398 „quid
537 335 588 378 me
610 313 675 378 ista
696 333 748 379 res
771 313 957 379 consolatur
978 312 1014 377 in

98 396 175 460 tntis
197 400 331 484 tenebris
360 403 392 466 et
424 401 516 484 quasi
547 401 715 485 parietinis
746 401 793 466 rei
823 399 1014 485 publicae?“

98 481 143 546 aa
160 485 279 554 omnino
301 489 354 554 vix
376 489 583 554 consolabilis
602 489 750 554 dolor-
764 492 858 554 tanta
880 492 930 554 est
948 510 1013 554 om·

98 569 165 636 nium
183 595 281 640 rerum
304 576 435 644 amissio
462 581 496 642 et
517 577 696 662 desperatio
724 575 934 661 recuperandi
955 599 1015 660 -3

98 659 137 758 sed
152 663 249 728 tamen
266 668 298 729 et
316 662 435 730 caesar
452 665 520 750 ipse
538 665 584 730 ita
603 666 641 730 de
659 669 691 731 te
709 665 830 730 iudicat
852 668 885 730 et
903 685 1014 730 omnes

98 765 160 812 ures
180 751 220 816 sic
241 753 433 838 existimant,
456 754 547 838 quasi
569 754 678 819 lumen
696 753 825 838 aliquod
849 751 1015 818 exstinctis

97 838 184 903 uteris
205 842 325 906 elucere
349 841 553 906 sanctitatem
575 844 609 906 et
629 841 834 926 prudentiam
857 845 890 907 et
912 840 1014 927 digni-

96 923 172 990 tatem
187 930 286 994 tuam:
308 929 390 994 haec
407 929 466 994 tibi
484 930 526 994 ad
543 929 696 996 levandas
714 929 878 995 molestias
895 950 1015 1016 magna

95 1030 146 1077 esse
165 1015 282 1083 debent.
320 1016 412 1094 Quod
434 1021 542 1082 autem
565 1018 666 1083 atui
690 1017 776 1102 abes,
797 1018 831 1082 id
854 1039 891 1085 eo
913 1017 1015 1084 levius

95 1097 231 1188 ferendum
262 1109 325 1191 est,
356 1105 442 1189 quod
473 1106 584 1171 eodem
614 1110 759 1191 ternpore
791 1127 811 1171 a
841 1106 952 1170 multis
984 1109 1017 1169 et

94 1190 194 1276 magnis
213 1193 368 1260 molestiis
392 1194 481 1278 abes3
498 1217 583 1280 'quas
602 1195 643 1259 ad
661 1197 693 1258 te
712 1213 824 1260 omnes
842 1193 1015 1278 perscribe·

95 1296 155 1364 rem,
177 1281 235 1346 nisi
256 1303 397 1367 vererer,
424 1303 465 1358 ne
488 1303 527 1348 ea
550 1302 759 1368 cognosceres
783 1281 911 1366 absens,
935 1302 1016 1366 quae

94 1365 226 1448 quianon
242 1371 341 1456 vides,
360 1369 440 1436 mihi
457 1370 574 1436 videris
591 1371 722 1435 meliore
742 1391 811 1436 esse
830 1369 1017 1436 condicione

94 1472 168 1534 quam
179 1479 244 1543 nos,
261 1459 318 1544 qui
335 1457 488 1524 videmus.
523 1457 689 1524 Hactenus
708 1457 853 1524 existimo
872 1462 1016 1524 nostram
1035 1475 1051 1523 a

94 1545 321 1613 consolationem
347 1550 433 1611 recte
460 1547 638 1612 adhibitam
660 1567 742 1632 esse,
769 1546 875 1630 quoad
902 1547 1018 1612 certior

94 1629 123 1692 ab
139 1631 259 1700 homins
291 1633 485 1700 amicissimo
511 1635 604 1700 fieres
630 1635 670 1700 iis
697 1635 736 1699 de
762 1635 871 1718 rebus,
902 1635 1017 1720 quibus

93 1715 169 1815 levari
189 1726 322 1810 possent
348 1723 513 1789 molestiae
539 1727 624 1789 tuce.
668 1722 805 1808 Reliqua
827 1724 903 1787 sunt
929 1723 963 1786 in
985 1726 1018 1786 te

93 1825 146 1887 1pso
165 1831 264 1896 neque
288 1810 369 1877 mihi
390 1811 504 1897 ignota
521 1831 581 1876 nec
598 1811 732 1876 minima
750 1811 874 1895 solatia,
895 1814 932 1874 ut
950 1810 1018 1894 qui-

94 1891 177 1962 deme
200 1921 217 1965 ο
236 1899 353 1986 sentio,
375 1900 476 1966 multo
494 1899 646 1964 maxima:
669 1920 750 1984 quae
774 1919 834 1985 ego
853 1897 1018 1983 experiens

93 1986 162 2064 quoti
193 1987 278 2054 esic
301 1986 420 2072 probo,
446 1989 484 2052 ut
509 2009 547 2052 ea
569 1987 649 2052 mihi
676 1987 812 2052 salutem
839 1986 951 2052 afferre
973 1987 1019 2050 vi·

94 2069 216 2159 deantur3
242 2079 276 2142 te
300 2077 409 2140 autem
431 2075 472 2140 ab
495 2074 587 2142 initio
611 2075 726 2140 aetatis
748 2073 902 2139 memoria
924 2077 1019 2138 teneo

92 2179 191 2229 tumme
212 2165 360 2231 omnium
382 2162 599 2228 doctrinarum
626 2163 805 2228 studiosum
831 2161 930 2227 fuisse
954 2183 1020 2226 orn·

92 2246 199 2336 niaque,
225 2273 310 2338 quae
333 2273 353 2316 a
375 2250 619 2338 sapientissimis
640 2252 717 2318 ciris
740 2250 781 2316 ad
803 2250 885 2315 bene
912 2249 1020 2315 riven-

93 2333 151 2402 dum
177 2342 299 2406 tradita
329 2343 449 2426 essent,
481 2361 605 2406 summo
638 2339 743 2405 studio
776 2359 914 2422 curaque
942 2337 1020 2404 didi·

93 2423 167 2510 cisse,
194 2450 276 2512 quae
311 2427 439 2513 quidem
469 2429 520 2494 rel
548 2427 678 2512 optimis
704 2428 799 2493 rebus
831 2431 864 2493 et
889 2428 962 2492 usui
989 2430 1022 2492 et

92 2508 275 2585 delectationi
295 2537 365 2581 esse
382 2518 524 2601 possent,
545 2515 597 2580 his
615 2536 691 2581 vero
708 2516 905 2600 temporibus
923 2515 1021 2581 habe-

93 2619 147 2696 nus
162 2606 246 2670 aliud
264 2603 357 2690 nihil,
374 2604 410 2668 in
428 2625 490 2688 quo
510 2605 756 2688 acquiescamus.
796 2601 887 2668 Nihil
904 2604 1021 2670 faciam

92 2691 246 2759 nsolenter
264 2713 370 2777 neque
388 2695 421 2757 te
438 2693 497 2757 tali
514 2691 566 2758 vel
580 2690 713 2757 scientia
730 2692 781 2757 vel
797 2695 914 2756 natura
931 2713 1021 2776 prae-

93 2773 175 2844 ditum
195 2781 367 2867 hortabor,
389 2783 427 2846 ut
449 2780 489 2845 ad
512 2801 566 2846 eas
588 2783 621 2844 te
642 2779 763 2845 referas
786 2783 884 2865 artes,
907 2780 1022 2864 quibus

93 2868 223 2950 spumis
245 2868 447 2955 temporibus
473 2867 588 2933 aetatis
618 2867 758 2932 studium
779 2872 872 2934 tuum
894 2868 1022 2934 dedisti:

92 2951 199 3021 anam
230 2957 350 3040 dicam,
381 2956 467 3040 quod
493 2959 525 3021 te
554 2977 646 3041 spero
670 2955 935 3042 approbaturum,
963 2969 1058 3040 mac

92 3046 282 3131 posteaquam
304 3045 353 3110 illi
376 3045 450 3130 arti,
473 3044 525 3109 cui
547 3044 744 3128 studueram,
765 3045 847 3110 nihil
870 3066 938 3111 esse
960 3045 1023 3109 loci

92 3134 224 3214 usquein
237 3134 444 3219 curianeque
461 3132 497 3198 in
514 3132 586 3198 foro
607 3131 755 3217 viderem,
774 3154 902 3199 omnem
919 3152 1023 3196 mecm

147 3355 196 3429 Ep.
214 3365 240 3429 3,
255 3365 280 3416 2.
316 3361 394 3420 dolor·
407 3389 441 3401 —
455 3364 535 3415 tauta
613 3360 794 3428 recuperandi
812 3376 861 3428 -,·
883 3355 929 3411 sed
947 3355 1021 3425 (W).

94 3419 123 3476 d:
138 3429 155 3480 t.
234 3445 302 3498 rec.;
318 3431 373 3486 sed.
410 3436 434 3484 3.
453 3431 547 3498 acatio,
564 3431 648 3488 multo
666 3431 702 3486 M.
748 3446 780 3498 a,
797 3428 849 3484 cccl.
869 3443 902 3482 m.
922 3425 952 3480 B.
997 3433 1022 3482 4.

92 3493 191 3554 siderea
209 3501 275 3570 (m).
312 3501 426 3557 viderim
444 3500 487 3572 V,
505 3501 535 3556 B.
