2578 3978
243 222 284 286 72
523 221 560 279 Μ.
580 222 704 280 TULLII
721 222 912 280 CICERONIS

241 368 398 455 processit
424 369 566 454 obviam,
593 367 704 435 Cicero
732 369 839 455 Appio
866 367 1016 436 noluitl“
1061 368 1205 454 Quaeso,

243 458 381 523 etiamne
395 462 432 522 tu
444 459 504 524 has
522 459 670 543 ineptiae,
687 459 785 524 homo
803 481 875 524 mea
894 459 1054 524 sententia
1073 477 1205 523 summa

241 547 422 632 prudentia,
441 547 544 613 multa
563 547 660 612 etiam
674 546 829 631 doctrina,
846 547 984 632 plurimo
1003 569 1110 613 rerum
1128 569 1203 630 usu,
1281 589 1282 634 ,

243 634 327 701 addo
349 635 576 720 urbanitatem,
599 657 681 720 quae
704 639 754 700 est
775 637 887 720 virtue,
908 639 946 700 ut
966 634 1066 702 Stoici
1087 635 1202 700 rectis·
1281 637 1282 690 ἶ

244 724 323 790 sime
349 724 490 809 putant?
520 725 622 789 ullam
648 724 855 808 Appietatem
883 728 940 789 aut
966 724 1203 789 Lentulitatem

242 813 349 878 valere
364 813 450 896 apud
464 834 515 879 me
533 814 606 897 plus
626 835 721 899 quam
741 817 931 878 ornamenta
944 813 1072 878 virtutis
1091 812 1202 877 existi-

243 901 334 966 mas?
380 899 486 976 Quum
517 922 555 967 ea
587 905 777 967 consecutus
808 901 954 967 nondum
986 923 1086 985 eram,
1116 921 1205 985 quae

244 992 321 1054 sunt
342 989 511 1056 hominum
534 990 739 1074 opinionibus
766 991 977 1075 amplissima,
1003 994 1114 1054 tamen
1135 989 1205 1054 ista
1282 1011 1283 1076 ξ

244 1081 353 1144 vestra
374 1079 508 1143 nomina
525 1100 701 1163 numquam
720 1101 791 1144 sum
813 1079 1003 1161 admiratum
1025 1078 1111 1142 viros
1134 1099 1206 1162 eos,
1282 1083 1283 1086 ’

245 1167 301 1251 qui
319 1188 358 1232 ea
374 1167 467 1234 uobis
484 1168 698 1252 reliquissent,
715 1189 852 1254 magnos
872 1167 1063 1232 arbitrabar:
1085 1169 1205 1250 postea

247 1277 321 1323 sero
344 1277 441 1340 quarn
463 1257 510 1321 ite
533 1260 566 1321 et
588 1256 658 1340 cepi
681 1259 714 1321 et
736 1257 821 1342 gessi
838 1257 978 1321 maxima
997 1254 1140 1339 imperia,
1165 1257 1205 1319 ut

245 1343 326 1408 mihi
343 1343 426 1408 nihil
443 1365 547 1429 neque
566 1344 607 1409 ad
623 1345 781 1410 honorem
798 1365 902 1430 neque
926 1345 966 1409 ad
989 1343 1126 1430 glorium
1149 1364 1206 1407 ac·

246 1431 438 1516 quirendum
459 1435 620 1517 putarem,
645 1433 841 1517 superiorem
864 1433 992 1518 quidem
1015 1451 1207 1515 numquam,
1283 1500 1284 1508 ἶ

247 1520 303 1585 sed
334 1541 446 1604 parem
477 1521 568 1586 vobis
604 1543 656 1586 me
688 1523 814 1605 speravi
846 1542 914 1587 esse
946 1521 1077 1586 factum.
1131 1517 1205 1584 Nec
1283 1521 1284 1524 ’

246 1608 427 1674 mehercule
450 1609 543 1674 aliter
564 1610 631 1674 vidi
654 1611 834 1675 existimare
857 1610 908 1674 vel
931 1607 988 1674 (ln.
1002 1607 1204 1692 Pompeium,

248 1718 342 1781 quem
365 1697 528 1782 omnibus,
556 1698 612 1782 qui
637 1720 790 1782 umquam
816 1699 961 1780 fuerunt,
987 1696 1039 1762 vel
1060 1695 1095 1761 P.
1118 1695 1205 1760 Len-

247 1787 361 1870 tulum,
383 1807 478 1870 quem
501 1787 581 1850 mihi
602 1787 666 1870 ipsi
683 1789 859 1871 antepono:
881 1789 918 1850 tu
937 1786 965 1850 si
983 1785 1077 1850 aliter
1094 1784 1207 1848 existi-

248 1896 326 1957 mas,
348 1875 431 1939 nihil
453 1875 584 1958 errabis,
606 1874 634 1939 si
651 1876 760 1958 paullo
779 1874 974 1960 diligentius
995 1877 1041 1957 ut,
1064 1871 1142 1956 quid
1160 1873 1208 1938 sit

250 1956 411 2042 εὐγένεια,
434 1963 511 2047 quid
529 1964 572 2028 sit
589 1963 751 2047 nobilitas,
772 1963 944 2048 intelligas,
963 1961 1208 2046 Athenodorus,
1284 2039 1285 2046 ἵ

249 2047 409 2115 Sandonis
430 2051 526 2136 filius,
548 2052 625 2136 quid
647 2052 686 2117 de
708 2052 759 2117 his
781 2053 877 2117 rebus
900 2051 995 2134 dicat,
1017 2049 1209 2115 attenderis.

214 2153 230 2201 6
250 2135 321 2223 Sed,
343 2143 381 2204 ut
403 2141 444 2204 ad
461 2161 530 2206 rem
547 2139 685 2225 redeam,
706 2163 757 2208 mc
774 2142 835 2206 tibi
853 2162 921 2204 non
939 2140 1078 2204 amicum
1096 2138 1208 2222 modo,

248 2249 360 2293 verum
382 2230 481 2293 etiam
499 2229 728 2294 amicissimum
745 2230 906 2294 existimes
924 2229 1033 2293 velim:
1055 2225 1206 2311 profecto

250 2317 399 2381 omnibus
418 2317 533 2380 officiis
551 2317 631 2381 meis
649 2317 795 2401 efficiam,
812 2320 850 2380 ut
862 2317 910 2381 ita
923 2337 991 2381 esse
1010 2336 1083 2381 vere
1097 2315 1206 2400 possis

249 2405 398 2469 iudicare.
434 2403 484 2468 Tu
503 2407 611 2468 autem
629 2404 657 2468 si
674 2405 708 2470 id
726 2405 805 2490 agis,
828 2409 865 2469 ut
882 2405 989 2469 minus
1006 2425 1078 2468 mea
1096 2423 1208 2488 causa,

250 2493 327 2556 dum
350 2511 410 2575 ego
434 2492 546 2576 absim,
568 2492 683 2557 debere
705 2493 851 2578 ridearis,
874 2515 971 2577 quam
994 2512 1054 2578 ego
1077 2495 1134 2556 tua
1156 2491 1207 2556 la·

249 2579 400 2663 borarim,
422 2580 524 2646 libero
547 2585 579 2644 te
601 2581 666 2645 ista
689 2603 778 2646 cura:
895 2631 903 2645 .

376 2731 418 2742 -
440 2729 481 2740 —
503 2689 585 2776 πάρ’
608 2695 720 2778 ἔμοιγε
742 2694 798 2758 καὶ
819 2691 931 2776 ἄλλοι,

293 2778 329 2843 οἵ
348 2778 387 2842 κε’
406 2799 447 2860 με
468 2776 655 2861 τιμήσουσι,
678 2779 822 2859 μάλιστα
844 2778 882 2844 δὲ
906 2779 1042 2860 μητίετα
1064 2775 1158 2852 Ζεύς.

251 2901 287 2970 Si
313 2906 421 2967 autern
448 2905 565 2967 natura
592 2923 625 2966 es
654 2901 835 2982 φιλαίτιος,
857 2901 937 2966 illud
963 2922 1031 2967 non
1058 2899 1207 2983 perficies

251 3013 315 3076 quo
329 2991 436 3056 minus
454 2994 512 3054 tua
530 3010 628 3074 causa
644 2989 749 3074 velim,
766 2989 829 3056 hoc
848 3011 1025 3073 assequere,
1042 2991 1088 3072 ut,
1106 3009 1208 3072 quam

250 3080 286 3146 in
307 3083 433 3165 partem
454 3083 492 3143 tu
514 3078 662 3162 accipias,
682 3079 790 3142 minus
811 3077 964 3144 laborem.
998 3075 1089 3143 Haec
1111 3076 1153 3141 ad
1172 3079 1208 3142 tc

251 3169 365 3252 scripsi
391 3166 522 3232 liberius
548 3167 651 3231 fretus
678 3167 875 3232 conscientia
898 3166 997 3231 officii
1023 3165 1087 3231 mei
1108 3164 1207 3230 bene-

251 3257 487 3340 volentiaeque,
514 3277 611 3340 quam
638 3277 658 3318 a
680 3277 731 3319 me
754 3259 841 3320 certo
868 3255 986 3319 iudicio
1014 3256 1210 3339 susceptam,

252 3345 358 3430 quoad
380 3349 416 3409 tu
438 3344 535 3428 voles,
558 3343 764 3408 conservabo,

322 3501 373 3572 Ep.
397 3505 466 3569 7,5.
511 3497 636 3568 putant?
663 3500 750 3554 allam
772 3501 848 3571 (W.).
894 3517 942 3570 μς
960 3529 992 3540 -
1012 3500 1098 3554 ullam
1120 3496 1152 3552 B.
1171 3526 1211 3540 -

251 3573 320 3645 quid
337 3573 370 3628 dc
387 3573 424 3628 iis
441 3589 464 3628 r.
484 3571 568 3642 (W.)?
604 3577 629 3626 6.
662 3571 750 3625 absim
769 3571 837 3643 (n).
874 3573 969 3626 absum
987 3569 1031 3639 N.‚
1045 3569 1076 3623 B.
