<?xml version="1.0" encoding="UTF-8"?>
<!DOCTYPE html PUBLIC "-//W3C//DTD XHTML 1.0 Transitional//EN"
    "http://www.w3.org/TR/xhtml1/DTD/xhtml1-transitional.dtd">
<html xmlns="http://www.w3.org/1999/xhtml" xml:lang="en" lang="en">
 <head>
  <title>
</title>
<meta http-equiv="Content-Type" content="text/html;charset=utf-8" />
  <meta name='ocr-system' content='tesseract 3.04.00' />
  <meta name='ocr-capabilities' content='ocr_page ocr_carea ocr_par ocr_line ocrx_word'/>
</head>
<body>
  <div class='ocr_page' id='page_1' title='image "./epistolae00wesegoog_0431.png"; bbox 0 0 2636 3986; ppageno 0'>
   <div class='ocr_carea' id='block_1_1' title="bbox 403 217 1098 281">
    <p class='ocr_par' dir='ltr' id='par_1_1' title="bbox 403 217 1098 281">
     <span class='ocr_line' id='line_1_1' title="bbox 403 217 1098 281; baseline 0.012 -8"><span class='ocrx_word' id='word_1_1' title='bbox 403 217 661 274; x_wconf 76' lang='lat' dir='ltr'>EPISTOLARUM</span> <span class='ocrx_word' id='word_1_2' title='bbox 679 219 753 274; x_wconf 85' lang='lat' dir='ltr'>XIII.</span> <span class='ocrx_word' id='word_1_3' title='bbox 772 225 797 274; x_wconf 78' lang='lat'>3.</span> <span class='ocrx_word' id='word_1_4' title='bbox 816 225 841 274; x_wconf 80' lang='lat'>4.</span> <span class='ocrx_word' id='word_1_5' title='bbox 1033 217 1098 281; x_wconf 83' lang='lat'>419</span> 
     </span>
    </p>
   </div>
   <div class='ocr_carea' id='block_1_2' title="bbox 139 361 1136 3370">
    <p class='ocr_par' dir='ltr' id='par_1_2' title="bbox 139 361 1136 3370">
     <span class='ocr_line' id='line_1_2' title="bbox 139 361 1100 449; baseline -0.001 -21"><span class='ocrx_word' id='word_1_6' title='bbox 139 361 385 448; x_wconf 77' lang='lat' dir='ltr'>mulgavissent,</span> <span class='ocrx_word' id='word_1_7' title='bbox 408 363 503 428; x_wconf 86' lang='lat' dir='ltr'>facile</span> <span class='ocrx_word' id='word_1_8' title='bbox 521 365 648 428; x_wconf 89' lang='lat' dir='ltr'>senatui</span> <span class='ocrx_word' id='word_1_9' title='bbox 666 365 850 449; x_wconf 83' lang='lat' dir='ltr'>populoque</span> <span class='ocrx_word' id='word_1_10' title='bbox 863 363 1012 428; x_wconf 83' lang='lat' dir='ltr'>Romano</span> <span class='ocrx_word' id='word_1_11' title='bbox 1030 385 1100 448; x_wconf 90' lang='lat' dir='ltr'>per·</span> 
     </span>
     <span class='ocr_line' id='line_1_3' title="bbox 141 452 1100 536; baseline -0.003 -18"><span class='ocrx_word' id='word_1_12' title='bbox 141 453 238 535; x_wconf 83' lang='lat' dir='ltr'>suasi,</span> <span class='ocrx_word' id='word_1_13' title='bbox 260 456 298 516; x_wconf 87' lang='lat' dir='ltr'>ut</span> <span class='ocrx_word' id='word_1_14' title='bbox 320 473 376 517; x_wconf 89' lang='lat' dir='ltr'>eos</span> <span class='ocrx_word' id='word_1_15' title='bbox 399 453 498 535; x_wconf 78' lang='lat' dir='ltr'>cives,</span> <span class='ocrx_word' id='word_1_16' title='bbox 521 453 636 536; x_wconf 91' lang='lat' dir='ltr'>quibus</span> <span class='ocrx_word' id='word_1_17' title='bbox 659 453 792 518; x_wconf 85' lang='lat' dir='ltr'>fortuna</span> <span class='ocrx_word' id='word_1_18' title='bbox 813 453 1017 536; x_wconf 86' lang='lat' dir='ltr'>pepercisset,</span> <span class='ocrx_word' id='word_1_19' title='bbox 1040 452 1100 516; x_wconf 89' lang='lat' dir='ltr'>sal·</span> 
     </span>
     <span class='ocr_line' id='line_1_4' title="bbox 140 538 1101 608; baseline 0 -4"><span class='ocrx_word' id='word_1_20' title='bbox 140 561 199 605; x_wconf 85' lang='lat' dir='ltr'>uos</span> <span class='ocrx_word' id='word_1_21' title='bbox 221 561 292 604; x_wconf 85' lang='lat' dir='ltr'>esse</span> <span class='ocrx_word' id='word_1_22' title='bbox 315 541 445 605; x_wconf 84' lang='lat' dir='ltr'>vellent.</span> <span class='ocrx_word' id='word_1_23' title='bbox 489 540 585 606; x_wconf 91' lang='lat' dir='ltr'>Hanc</span> <span class='ocrx_word' id='word_1_24' title='bbox 611 542 772 608; x_wconf 73' lang='lat' dir='ltr'><strong>actionem</strong></span> <span class='ocrx_word' id='word_1_25' title='bbox 798 562 903 606; x_wconf 89' lang='lat' dir='ltr'>meam</span> <span class='ocrx_word' id='word_1_26' title='bbox 926 538 961 605; x_wconf 81' lang='grc' dir='ltr'>Ο.</span> <span class='ocrx_word' id='word_1_27' title='bbox 984 538 1101 608; x_wconf 78' lang='lat' dir='ltr'>Caesar</span> 
     </span>
     <span class='ocr_line' id='line_1_5' title="bbox 140 628 1101 715; baseline 0 -23"><span class='ocrx_word' id='word_1_28' title='bbox 140 628 246 712; x_wconf 86' lang='lat' dir='ltr'>prium</span> <span class='ocrx_word' id='word_1_29' title='bbox 261 650 319 693; x_wconf 89' lang='lat' dir='ltr'>suo</span> <span class='ocrx_word' id='word_1_30' title='bbox 335 629 505 693; x_wconf 80' lang='lat' dir='ltr'>consulatu</span> <span class='ocrx_word' id='word_1_31' title='bbox 518 631 590 715; x_wconf 84' lang='lat' dir='ltr'>lege</span> <span class='ocrx_word' id='word_1_32' title='bbox 604 631 732 715; x_wconf 86' lang='lat' dir='ltr'>agraria</span> <span class='ocrx_word' id='word_1_33' title='bbox 741 628 964 714; x_wconf 89' lang='lat' dir='ltr'>comprobavit</span> <span class='ocrx_word' id='word_1_34' title='bbox 973 650 1101 714; x_wconf 85' lang='lat' dir='ltr'>agrum·</span> 
     </span>
     <span class='ocr_line' id='line_1_6' title="bbox 143 716 1101 803; baseline 0 -23"><span class='ocrx_word' id='word_1_35' title='bbox 143 738 205 800; x_wconf 90' lang='lat' dir='ltr'>que</span> <span class='ocrx_word' id='word_1_36' title='bbox 222 716 473 782; x_wconf 77' lang='lat' dir='ltr'>Volaterranum</span> <span class='ocrx_word' id='word_1_37' title='bbox 491 721 524 782; x_wconf 89' lang='lat' dir='ltr'>et</span> <span class='ocrx_word' id='word_1_38' title='bbox 542 719 697 803; x_wconf 90' lang='lat' dir='ltr'>oppidum</span> <span class='ocrx_word' id='word_1_39' title='bbox 716 719 804 783; x_wconf 90' lang='lat' dir='ltr'>omni</span> <span class='ocrx_word' id='word_1_40' title='bbox 821 718 963 802; x_wconf 87' lang='lat' dir='ltr'>periculo</span> <span class='ocrx_word' id='word_1_41' title='bbox 982 719 1018 782; x_wconf 89' lang='lat' dir='ltr'>in</span> <span class='ocrx_word' id='word_1_42' title='bbox 1031 739 1101 802; x_wconf 92' lang='lat' dir='ltr'>per-</span> 
     </span>
     <span class='ocr_line' id='line_1_7' title="bbox 141 805 1102 890; baseline 0.002 -22"><span class='ocrx_word' id='word_1_43' title='bbox 141 807 276 890; x_wconf 89' lang='lat' dir='ltr'>petuum</span> <span class='ocrx_word' id='word_1_44' title='bbox 298 805 456 890; x_wconf 82' lang='lat' dir='ltr'>liberavit,</span> <span class='ocrx_word' id='word_1_45' title='bbox 479 809 517 872; x_wconf 88' lang='lat' dir='ltr'>ut</span> <span class='ocrx_word' id='word_1_46' title='bbox 538 807 619 872; x_wconf 88' lang='lat' dir='ltr'>mihi</span> <span class='ocrx_word' id='word_1_47' title='bbox 642 806 776 872; x_wconf 90' lang='lat' dir='ltr'>dubium</span> <span class='ocrx_word' id='word_1_48' title='bbox 798 828 866 872; x_wconf 85' lang='lat' dir='ltr'>non</span> <span class='ocrx_word' id='word_1_49' title='bbox 889 807 940 890; x_wconf 87' lang='lat' dir='ltr'>sit,</span> <span class='ocrx_word' id='word_1_50' title='bbox 963 807 1042 890; x_wconf 90' lang='lat' dir='ltr'>quin</span> <span class='ocrx_word' id='word_1_51' title='bbox 1064 807 1102 890; x_wconf 90' lang='lat' dir='ltr'>is,</span> 
     </span>
     <span class='ocr_line' id='line_1_8' title="bbox 142 893 1102 980; baseline 0.002 -24"><span class='ocrx_word' id='word_1_52' title='bbox 142 893 199 976; x_wconf 90' lang='lat' dir='ltr'>qui</span> <span class='ocrx_word' id='word_1_53' title='bbox 220 915 322 959; x_wconf 86' lang='lat' dir='ltr'>novas</span> <span class='ocrx_word' id='word_1_54' title='bbox 341 894 594 959; x_wconf 75' lang='lat' dir='ltr'>necessitudines</span> <span class='ocrx_word' id='word_1_55' title='bbox 613 895 778 980; x_wconf 86' lang='lat' dir='ltr'>adiungat,</span> <span class='ocrx_word' id='word_1_56' title='bbox 799 898 909 960; x_wconf 88' lang='lat' dir='ltr'>vetera</span> <span class='ocrx_word' id='word_1_57' title='bbox 928 916 986 958; x_wconf 91' lang='lat' dir='ltr'>sua</span> <span class='ocrx_word' id='word_1_58' title='bbox 1005 895 1102 959; x_wconf 89' lang='lat' dir='ltr'>bene·</span> 
     </span>
     <span class='ocr_line' id='line_1_9' title="bbox 140 981 1101 1068; baseline 0.002 -23"><span class='ocrx_word' id='word_1_59' title='bbox 140 982 216 1046; x_wconf 85' lang='lat' dir='ltr'>ficia</span> <span class='ocrx_word' id='word_1_60' title='bbox 247 983 430 1047; x_wconf 84' lang='lat' dir='ltr'>conservari</span> <span class='ocrx_word' id='word_1_61' title='bbox 461 983 548 1047; x_wconf 88' lang='lat' dir='ltr'>velit.</span> <span class='ocrx_word' id='word_1_62' title='bbox 593 981 809 1058; x_wconf 75' lang='lat' dir='ltr'>Quamobrem</span> <span class='ocrx_word' id='word_1_63' title='bbox 842 987 891 1048; x_wconf 89' lang='lat' dir='ltr'>est</span> <span class='ocrx_word' id='word_1_64' title='bbox 920 987 996 1048; x_wconf 90' lang='lat' dir='ltr'>tuae</span> <span class='ocrx_word' id='word_1_65' title='bbox 1027 1006 1101 1068; x_wconf 87' lang='lat' dir='ltr'>pru·</span> 
     </span>
     <span class='ocr_line' id='line_1_10' title="bbox 142 1070 1101 1155; baseline 0.002 -21"><span class='ocrx_word' id='word_1_66' title='bbox 142 1070 272 1134; x_wconf 88' lang='lat' dir='ltr'>dentiae</span> <span class='ocrx_word' id='word_1_67' title='bbox 298 1073 357 1135; x_wconf 89' lang='lat' dir='ltr'>aut</span> <span class='ocrx_word' id='word_1_68' title='bbox 383 1071 474 1154; x_wconf 90' lang='lat' dir='ltr'>sequi</span> <span class='ocrx_word' id='word_1_69' title='bbox 501 1072 569 1136; x_wconf 87' lang='lat' dir='ltr'>eius</span> <span class='ocrx_word' id='word_1_70' title='bbox 598 1073 836 1155; x_wconf 84' lang='lat' dir='ltr'>auctoritatem,</span> <span class='ocrx_word' id='word_1_71' title='bbox 864 1072 954 1136; x_wconf 88' lang='lat' dir='ltr'>cuius</span> <span class='ocrx_word' id='word_1_72' title='bbox 982 1076 1101 1136; x_wconf 88' lang='lat' dir='ltr'>sectam</span> 
     </span>
     <span class='ocr_line' id='line_1_11' title="bbox 142 1158 1101 1245; baseline 0.002 -23"><span class='ocrx_word' id='word_1_73' title='bbox 142 1161 240 1242; x_wconf 81' lang='lat' dir='ltr'>atquo</span> <span class='ocrx_word' id='word_1_74' title='bbox 261 1158 433 1243; x_wconf 88' lang='lat' dir='ltr'>imperium</span> <span class='ocrx_word' id='word_1_75' title='bbox 455 1181 582 1224; x_wconf 86' lang='lat' dir='ltr'>summa</span> <span class='ocrx_word' id='word_1_76' title='bbox 609 1179 682 1224; x_wconf 89' lang='lat' dir='ltr'>oum</span> <span class='ocrx_word' id='word_1_77' title='bbox 711 1163 769 1225; x_wconf 90' lang='lat' dir='ltr'>tua</span> <span class='ocrx_word' id='word_1_78' title='bbox 791 1161 950 1245; x_wconf 82' lang='lat' dir='ltr'>dignitate</span> <span class='ocrx_word' id='word_1_79' title='bbox 973 1164 1101 1225; x_wconf 84' lang='lat' dir='ltr'>secutus</span> 
     </span>
     <span class='ocr_line' id='line_1_12' title="bbox 142 1248 1101 1334; baseline 0.001 -23"><span class='ocrx_word' id='word_1_80' title='bbox 142 1268 187 1324; x_wconf 85' lang='lat' dir='ltr'>es,</span> <span class='ocrx_word' id='word_1_81' title='bbox 205 1250 263 1312; x_wconf 89' lang='lat' dir='ltr'>aut</span> <span class='ocrx_word' id='word_1_82' title='bbox 280 1251 366 1312; x_wconf 87' lang='lat' dir='ltr'>certe</span> <span class='ocrx_word' id='word_1_83' title='bbox 383 1248 431 1311; x_wconf 88' lang='lat' dir='ltr'>illi</span> <span class='ocrx_word' id='word_1_84' title='bbox 449 1248 611 1334; x_wconf 82' lang='lat' dir='ltr'>integrum</span> <span class='ocrx_word' id='word_1_85' title='bbox 629 1270 758 1314; x_wconf 91' lang='lat' dir='ltr'>omnem</span> <span class='ocrx_word' id='word_1_86' title='bbox 778 1259 908 1314; x_wconf 85' lang='lat' dir='ltr'>eausam</span> <span class='ocrx_word' id='word_1_87' title='bbox 926 1269 1101 1332; x_wconf 80' lang='lat' dir='ltr'>reservare3</span> 
     </span>
     <span class='ocr_line' id='line_1_13' title="bbox 141 1335 1102 1423; baseline 0.001 -24"><span class='ocrx_word' id='word_1_88' title='bbox 141 1335 223 1400; x_wconf 90' lang='lat' dir='ltr'>illud</span> <span class='ocrx_word' id='word_1_89' title='bbox 245 1357 322 1400; x_wconf 87' lang='lat' dir='ltr'>vero</span> <span class='ocrx_word' id='word_1_90' title='bbox 345 1336 492 1402; x_wconf 88' lang='lat' dir='ltr'>dubitare</span> <span class='ocrx_word' id='word_1_91' title='bbox 510 1359 578 1402; x_wconf 88' lang='lat' dir='ltr'>non</span> <span class='ocrx_word' id='word_1_92' title='bbox 596 1337 702 1422; x_wconf 86' lang='lat' dir='ltr'>debes,</span> <span class='ocrx_word' id='word_1_93' title='bbox 724 1339 803 1422; x_wconf 90' lang='lat' dir='ltr'>quin</span> <span class='ocrx_word' id='word_1_94' title='bbox 821 1343 890 1402; x_wconf 90' lang='lat' dir='ltr'>tam</span> <span class='ocrx_word' id='word_1_95' title='bbox 908 1358 1015 1423; x_wconf 83' lang='lat' dir='ltr'>grave,</span> <span class='ocrx_word' id='word_1_96' title='bbox 1033 1340 1102 1401; x_wconf 86' lang='lat' dir='ltr'>tam</span> 
     </span>
     <span class='ocr_line' id='line_1_14' title="bbox 142 1424 1101 1511; baseline 0.002 -23"><span class='ocrx_word' id='word_1_97' title='bbox 142 1424 281 1509; x_wconf 74' lang='lat' dir='ltr'>firmum,</span> <span class='ocrx_word' id='word_1_98' title='bbox 301 1427 371 1489; x_wconf 86' lang='lat' dir='ltr'>tum</span> <span class='ocrx_word' id='word_1_99' title='bbox 392 1425 566 1490; x_wconf 83' lang='lat' dir='ltr'>honestum</span> <span class='ocrx_word' id='word_1_100' title='bbox 584 1427 794 1511; x_wconf 90' lang='lat' dir='ltr'>municipium</span> <span class='ocrx_word' id='word_1_101' title='bbox 811 1427 872 1491; x_wconf 88' lang='lat' dir='ltr'>tibi</span> <span class='ocrx_word' id='word_1_102' title='bbox 894 1430 952 1491; x_wconf 90' lang='lat' dir='ltr'>tuo</span> <span class='ocrx_word' id='word_1_103' title='bbox 975 1447 1101 1491; x_wconf 87' lang='lat' dir='ltr'>summo</span> 
     </span>
     <span class='ocr_line' id='line_1_15' title="bbox 143 1511 1136 1601; baseline 0.001 -24"><span class='ocrx_word' id='word_1_104' title='bbox 143 1511 299 1578; x_wconf 84' lang='lat' dir='ltr'>beneficio</span> <span class='ocrx_word' id='word_1_105' title='bbox 328 1514 364 1578; x_wconf 93' lang='lat' dir='ltr'>in</span> <span class='ocrx_word' id='word_1_106' title='bbox 394 1519 585 1598; x_wconf 89' lang='lat' dir='ltr'>perpetuum</span> <span class='ocrx_word' id='word_1_107' title='bbox 617 1516 755 1601; x_wconf 85' lang='lat' dir='ltr'>obligari</span> <span class='ocrx_word' id='word_1_108' title='bbox 786 1516 874 1580; x_wconf 87' lang='lat' dir='ltr'>velis.</span> <span class='ocrx_word' id='word_1_109' title='bbox 919 1513 981 1580; x_wconf 82' lang='lat' dir='ltr'>Sed</span> <span class='ocrx_word' id='word_1_110' title='bbox 1013 1515 1136 1599; x_wconf 75' lang='lat' dir='ltr'>haeqe</span> 
     </span>
     <span class='ocr_line' id='line_1_16' title="bbox 144 1603 1101 1690; baseline 0.001 -24"><span class='ocrx_word' id='word_1_111' title='bbox 144 1623 227 1685; x_wconf 90' lang='lat' dir='ltr'>quae</span> <span class='ocrx_word' id='word_1_112' title='bbox 250 1623 348 1690; x_wconf 83' lang='lat' dir='ltr'>supra</span> <span class='ocrx_word' id='word_1_113' title='bbox 370 1603 491 1687; x_wconf 85' lang='lat' dir='ltr'>scriptu</span> <span class='ocrx_word' id='word_1_114' title='bbox 514 1607 603 1687; x_wconf 86' lang='lat' dir='ltr'>sunt,</span> <span class='ocrx_word' id='word_1_115' title='bbox 629 1625 668 1669; x_wconf 84' lang='lat' dir='ltr'>eo</span> <span class='ocrx_word' id='word_1_116' title='bbox 692 1608 853 1689; x_wconf 86' lang='lat' dir='ltr'>spectant,</span> <span class='ocrx_word' id='word_1_117' title='bbox 875 1606 913 1668; x_wconf 90' lang='lat' dir='ltr'>ut</span> <span class='ocrx_word' id='word_1_118' title='bbox 935 1609 968 1668; x_wconf 87' lang='lat' dir='ltr'>et</span> <span class='ocrx_word' id='word_1_119' title='bbox 989 1603 1101 1668; x_wconf 89' lang='lat' dir='ltr'>horter</span> 
     </span>
     <span class='ocr_line' id='line_1_17' title="bbox 144 1690 1101 1780; baseline 0.002 -26"><span class='ocrx_word' id='word_1_120' title='bbox 144 1693 178 1754; x_wconf 87' lang='lat' dir='ltr'>et</span> <span class='ocrx_word' id='word_1_121' title='bbox 200 1690 365 1755; x_wconf 77' lang='lat' dir='ltr'>suadeam:</span> <span class='ocrx_word' id='word_1_122' title='bbox 388 1692 513 1775; x_wconf 89' lang='lat' dir='ltr'>reliqua</span> <span class='ocrx_word' id='word_1_123' title='bbox 536 1696 620 1775; x_wconf 85' lang='lat' dir='ltr'>sunt,</span> <span class='ocrx_word' id='word_1_124' title='bbox 643 1714 725 1780; x_wconf 89' lang='lat' dir='ltr'>quae</span> <span class='ocrx_word' id='word_1_125' title='bbox 742 1693 908 1777; x_wconf 87' lang='lat' dir='ltr'>pertinent</span> <span class='ocrx_word' id='word_1_126' title='bbox 924 1692 967 1756; x_wconf 87' lang='lat' dir='ltr'>ad</span> <span class='ocrx_word' id='word_1_127' title='bbox 984 1713 1101 1776; x_wconf 86' lang='lat' dir='ltr'>rogan-</span> 
     </span>
     <span class='ocr_line' id='line_1_18' title="bbox 144 1778 1101 1862; baseline 0.003 -21"><span class='ocrx_word' id='word_1_128' title='bbox 144 1778 234 1862; x_wconf 89' lang='lat' dir='ltr'>dum,</span> <span class='ocrx_word' id='word_1_129' title='bbox 265 1783 304 1844; x_wconf 88' lang='lat' dir='ltr'>ut</span> <span class='ocrx_word' id='word_1_130' title='bbox 334 1801 402 1845; x_wconf 89' lang='lat' dir='ltr'>non</span> <span class='ocrx_word' id='word_1_131' title='bbox 430 1781 535 1845; x_wconf 86' lang='lat' dir='ltr'>solum</span> <span class='ocrx_word' id='word_1_132' title='bbox 561 1783 619 1844; x_wconf 87' lang='lat' dir='ltr'>tua</span> <span class='ocrx_word' id='word_1_133' title='bbox 645 1802 744 1846; x_wconf 90' lang='lat' dir='ltr'>causa</span> <span class='ocrx_word' id='word_1_134' title='bbox 769 1781 830 1845; x_wconf 89' lang='lat' dir='ltr'>tibi</span> <span class='ocrx_word' id='word_1_135' title='bbox 857 1780 1027 1845; x_wconf 87' lang='lat' dir='ltr'>consilium</span> <span class='ocrx_word' id='word_1_136' title='bbox 1049 1801 1101 1844; x_wconf 88' lang='lat' dir='ltr'>ma</span> 
     </span>
     <span class='ocr_line' id='line_1_19' title="bbox 145 1866 1101 1953; baseline 0.001 -23"><span class='ocrx_word' id='word_1_137' title='bbox 145 1866 222 1931; x_wconf 85' lang='lat' dir='ltr'>dare</span> <span class='ocrx_word' id='word_1_138' title='bbox 243 1871 347 1953; x_wconf 86' lang='lat' dir='ltr'>putes,</span> <span class='ocrx_word' id='word_1_139' title='bbox 370 1869 550 1952; x_wconf 76' lang='lat' dir='ltr'>sedetiam,</span> <span class='ocrx_word' id='word_1_140' title='bbox 573 1869 659 1952; x_wconf 90' lang='lat' dir='ltr'>quod</span> <span class='ocrx_word' id='word_1_141' title='bbox 682 1869 762 1933; x_wconf 89' lang='lat' dir='ltr'>mihi</span> <span class='ocrx_word' id='word_1_142' title='bbox 781 1889 862 1952; x_wconf 90' lang='lat' dir='ltr'>opus</span> <span class='ocrx_word' id='word_1_143' title='bbox 886 1869 937 1946; x_wconf 84' lang='lat' dir='ltr'>sit,</span> <span class='ocrx_word' id='word_1_144' title='bbox 958 1891 1009 1932; x_wconf 90' lang='lat' dir='ltr'>me</span> <span class='ocrx_word' id='word_1_145' title='bbox 1031 1890 1051 1931; x_wconf 90' lang='lat' dir='ltr'>a</span> <span class='ocrx_word' id='word_1_146' title='bbox 1068 1872 1101 1932; x_wconf 84' lang='lat' dir='ltr'>tc</span> 
     </span>
     <span class='ocr_line' id='line_1_20' title="bbox 144 1955 1101 2042; baseline 0.001 -23"><span class='ocrx_word' id='word_1_147' title='bbox 144 1958 253 2040; x_wconf 88' lang='lat' dir='ltr'>petere</span> <span class='ocrx_word' id='word_1_148' title='bbox 276 1960 309 2020; x_wconf 91' lang='lat' dir='ltr'>et</span> <span class='ocrx_word' id='word_1_149' title='bbox 330 1977 456 2042; x_wconf 84' lang='lat' dir='ltr'>rogare.</span> <span class='ocrx_word' id='word_1_150' title='bbox 501 1955 726 2021; x_wconf 79' lang='lat' dir='ltr'>Gratissimum</span> <span class='ocrx_word' id='word_1_151' title='bbox 753 1957 855 2042; x_wconf 81' lang='lat' dir='ltr'>igitur</span> <span class='ocrx_word' id='word_1_152' title='bbox 875 1957 955 2020; x_wconf 88' lang='lat' dir='ltr'>mihi</span> <span class='ocrx_word' id='word_1_153' title='bbox 977 1957 1101 2040; x_wconf 85' lang='lat' dir='ltr'>feceris,</span> 
     </span>
     <span class='ocr_line' id='line_1_21' title="bbox 145 2043 1102 2130; baseline 0 -22"><span class='ocrx_word' id='word_1_154' title='bbox 145 2044 174 2108; x_wconf 88' lang='lat' dir='ltr'>si</span> <span class='ocrx_word' id='word_1_155' title='bbox 196 2043 429 2112; x_wconf 84' lang='lat' dir='ltr'>Volaterranos</span> <span class='ocrx_word' id='word_1_156' title='bbox 453 2045 602 2110; x_wconf 84' lang='lat' dir='ltr'>omnibus</span> <span class='ocrx_word' id='word_1_157' title='bbox 624 2046 720 2110; x_wconf 87' lang='lat' dir='ltr'>rebus</span> <span class='ocrx_word' id='word_1_158' title='bbox 743 2046 888 2130; x_wconf 80' lang='lat' dir='ltr'>integros</span> <span class='ocrx_word' id='word_1_159' title='bbox 911 2045 1102 2112; x_wconf 89' lang='lat' dir='ltr'>incolumes-</span> 
     </span>
     <span class='ocr_line' id='line_1_22' title="bbox 145 2133 1102 2218; baseline -0.001 -21"><span class='ocrx_word' id='word_1_160' title='bbox 145 2154 208 2216; x_wconf 87' lang='lat' dir='ltr'>que</span> <span class='ocrx_word' id='word_1_161' title='bbox 231 2155 300 2198; x_wconf 83' lang='lat' dir='ltr'>esse</span> <span class='ocrx_word' id='word_1_162' title='bbox 322 2134 476 2199; x_wconf 86' lang='lat' dir='ltr'>volueris:</span> <span class='ocrx_word' id='word_1_163' title='bbox 500 2155 610 2198; x_wconf 90' lang='lat' dir='ltr'>eorum</span> <span class='ocrx_word' id='word_1_164' title='bbox 629 2155 690 2218; x_wconf 89' lang='lat' dir='ltr'>ego</span> <span class='ocrx_word' id='word_1_165' title='bbox 709 2134 880 2217; x_wconf 84' lang='lat' dir='ltr'>domicilia,</span> <span class='ocrx_word' id='word_1_166' title='bbox 903 2133 1003 2217; x_wconf 83' lang='lat' dir='ltr'>sedes,</span> <span class='ocrx_word' id='word_1_167' title='bbox 1024 2154 1102 2216; x_wconf 88' lang='lat' dir='ltr'>rem,</span> 
     </span>
     <span class='ocr_line' id='line_1_23' title="bbox 144 2221 1101 2306; baseline -0.001 -20"><span class='ocrx_word' id='word_1_168' title='bbox 144 2221 303 2306; x_wconf 85' lang='lat' dir='ltr'>fortunas,</span> <span class='ocrx_word' id='word_1_169' title='bbox 325 2243 403 2304; x_wconf 80' lang='lat' dir='ltr'>quus</span> <span class='ocrx_word' id='word_1_170' title='bbox 425 2226 458 2286; x_wconf 88' lang='lat' dir='ltr'>et</span> <span class='ocrx_word' id='word_1_171' title='bbox 480 2244 500 2286; x_wconf 86' lang='lat' dir='ltr'>a</span> <span class='ocrx_word' id='word_1_172' title='bbox 522 2223 572 2288; x_wconf 88' lang='lat' dir='ltr'>dis</span> <span class='ocrx_word' id='word_1_173' title='bbox 590 2222 825 2288; x_wconf 82' lang='lat' dir='ltr'>immortalibus</span> <span class='ocrx_word' id='word_1_174' title='bbox 849 2225 882 2286; x_wconf 90' lang='lat' dir='ltr'>et</span> <span class='ocrx_word' id='word_1_175' title='bbox 899 2243 919 2285; x_wconf 91' lang='lat' dir='ltr'>a</span> <span class='ocrx_word' id='word_1_176' title='bbox 936 2225 1101 2305; x_wconf 88' lang='lat' dir='ltr'>praestan·</span> 
     </span>
     <span class='ocr_line' id='line_1_24' title="bbox 144 2310 1101 2395; baseline -0.002 -21"><span class='ocrx_word' id='word_1_177' title='bbox 144 2310 278 2375; x_wconf 86' lang='lat' dir='ltr'>tissimis</span> <span class='ocrx_word' id='word_1_178' title='bbox 300 2312 336 2374; x_wconf 89' lang='lat' dir='ltr'>in</span> <span class='ocrx_word' id='word_1_179' title='bbox 353 2314 466 2376; x_wconf 88' lang='lat' dir='ltr'>nostra</span> <span class='ocrx_word' id='word_1_180' title='bbox 483 2332 518 2375; x_wconf 92' lang='lat' dir='ltr'>re</span> <span class='ocrx_word' id='word_1_181' title='bbox 535 2310 665 2395; x_wconf 87' lang='lat' dir='ltr'>publica</span> <span class='ocrx_word' id='word_1_182' title='bbox 683 2310 805 2376; x_wconf 81' lang='lat' dir='ltr'>civibus</span> <span class='ocrx_word' id='word_1_183' title='bbox 824 2332 949 2375; x_wconf 86' lang='lat' dir='ltr'>summo</span> <span class='ocrx_word' id='word_1_184' title='bbox 970 2313 1101 2374; x_wconf 87' lang='lat' dir='ltr'>senatus</span> 
     </span>
     <span class='ocr_line' id='line_1_25' title="bbox 144 2393 1101 2484; baseline -0.002 -20"><span class='ocrx_word' id='word_1_185' title='bbox 144 2400 319 2484; x_wconf 81' lang='lat' dir='ltr'>populique</span> <span class='ocrx_word' id='word_1_186' title='bbox 351 2399 490 2465; x_wconf 87' lang='lat' dir='ltr'>Romani</span> <span class='ocrx_word' id='word_1_187' title='bbox 522 2393 628 2464; x_wconf 88' lang='lat' dir='ltr'>studio</span> <span class='ocrx_word' id='word_1_188' title='bbox 660 2403 868 2465; x_wconf 76' lang='lat' dir='ltr'>conservatae</span> <span class='ocrx_word' id='word_1_189' title='bbox 900 2402 990 2482; x_wconf 86' lang='lat' dir='ltr'>suut,</span> <span class='ocrx_word' id='word_1_190' title='bbox 1026 2403 1101 2462; x_wconf 90' lang='lat' dir='ltr'>tuae</span> 
     </span>
     <span class='ocr_line' id='line_1_26' title="bbox 144 2485 1136 2572; baseline -0.003 -21"><span class='ocrx_word' id='word_1_191' title='bbox 144 2488 229 2571; x_wconf 71' lang='lat' dir='ltr'>fidei,</span> <span class='ocrx_word' id='word_1_192' title='bbox 250 2489 393 2552; x_wconf 88' lang='lat' dir='ltr'>iustitiae</span> <span class='ocrx_word' id='word_1_193' title='bbox 415 2489 617 2572; x_wconf 86' lang='lat' dir='ltr'>bonitatique</span> <span class='ocrx_word' id='word_1_194' title='bbox 640 2488 839 2553; x_wconf 85' lang='lat' dir='ltr'>commende.</span> <span class='ocrx_word' id='word_1_195' title='bbox 884 2485 918 2552; x_wconf 78' lang='lat' dir='ltr'>si</span> <span class='ocrx_word' id='word_1_196' title='bbox 940 2510 999 2572; x_wconf 92' lang='lat' dir='ltr'>pro</span> <span class='ocrx_word' id='word_1_197' title='bbox 1021 2487 1136 2551; x_wconf 71' lang='lat' dir='ltr'>meins</span> 
     </span>
     <span class='ocr_line' id='line_1_27' title="bbox 144 2576 1102 2661; baseline 0 -21"><span class='ocrx_word' id='word_1_198' title='bbox 144 2576 290 2660; x_wconf 77' lang='lat' dir='ltr'>pristinis</span> <span class='ocrx_word' id='word_1_199' title='bbox 320 2576 435 2661; x_wconf 88' lang='lat' dir='ltr'>opibus</span> <span class='ocrx_word' id='word_1_200' title='bbox 467 2577 654 2642; x_wconf 79' lang='lat' dir='ltr'>facultatem</span> <span class='ocrx_word' id='word_1_201' title='bbox 681 2578 761 2642; x_wconf 91' lang='lat' dir='ltr'>mihi</span> <span class='ocrx_word' id='word_1_202' title='bbox 788 2597 841 2641; x_wconf 87' lang='lat' dir='ltr'>res</span> <span class='ocrx_word' id='word_1_203' title='bbox 867 2576 930 2641; x_wconf 88' lang='lat' dir='ltr'>hoo</span> <span class='ocrx_word' id='word_1_204' title='bbox 956 2579 1102 2660; x_wconf 86' lang='lat' dir='ltr'>tempore</span> 
     </span>
     <span class='ocr_line' id='line_1_28' title="bbox 147 2663 1102 2750; baseline 0 -22"><span class='ocrx_word' id='word_1_205' title='bbox 147 2663 246 2748; x_wconf 88' lang='lat' dir='ltr'>daret,</span> <span class='ocrx_word' id='word_1_206' title='bbox 268 2669 306 2730; x_wconf 90' lang='lat' dir='ltr'>ut</span> <span class='ocrx_word' id='word_1_207' title='bbox 328 2665 375 2730; x_wconf 85' lang='lat' dir='ltr'>ita</span> <span class='ocrx_word' id='word_1_208' title='bbox 395 2665 565 2730; x_wconf 80' lang='lat' dir='ltr'>defendere</span> <span class='ocrx_word' id='word_1_209' title='bbox 582 2686 710 2750; x_wconf 89' lang='lat' dir='ltr'>possem</span> <span class='ocrx_word' id='word_1_210' title='bbox 729 2665 971 2747; x_wconf 85' lang='lat' dir='ltr'>Volaterranos,</span> <span class='ocrx_word' id='word_1_211' title='bbox 993 2685 1102 2747; x_wconf 90' lang='lat' dir='ltr'>quem·</span> 
     </span>
     <span class='ocr_line' id='line_1_29' title="bbox 145 2752 1103 2837; baseline -0.003 -19"><span class='ocrx_word' id='word_1_212' title='bbox 145 2753 320 2818; x_wconf 88' lang='lat' dir='ltr'>admodum</span> <span class='ocrx_word' id='word_1_213' title='bbox 356 2754 507 2819; x_wconf 83' lang='lat' dir='ltr'>consuevi</span> <span class='ocrx_word' id='word_1_214' title='bbox 542 2755 626 2818; x_wconf 89' lang='lat' dir='ltr'>tueri</span> <span class='ocrx_word' id='word_1_215' title='bbox 661 2775 764 2837; x_wconf 88' lang='lat' dir='ltr'>meos,</span> <span class='ocrx_word' id='word_1_216' title='bbox 794 2753 920 2818; x_wconf 90' lang='lat' dir='ltr'>nullum</span> <span class='ocrx_word' id='word_1_217' title='bbox 952 2752 1103 2836; x_wconf 82' lang='lat' dir='ltr'>officium,</span> 
     </span>
     <span class='ocr_line' id='line_1_30' title="bbox 146 2840 1102 2927; baseline -0.001 -22"><span class='ocrx_word' id='word_1_218' title='bbox 146 2842 272 2906; x_wconf 91' lang='lat' dir='ltr'>nullum</span> <span class='ocrx_word' id='word_1_219' title='bbox 289 2842 427 2927; x_wconf 86' lang='lat' dir='ltr'>denique</span> <span class='ocrx_word' id='word_1_220' title='bbox 447 2845 617 2925; x_wconf 83' lang='lat' dir='ltr'>certamen,</span> <span class='ocrx_word' id='word_1_221' title='bbox 639 2842 674 2906; x_wconf 92' lang='lat' dir='ltr'>in</span> <span class='ocrx_word' id='word_1_222' title='bbox 695 2863 759 2926; x_wconf 92' lang='lat' dir='ltr'>quo</span> <span class='ocrx_word' id='word_1_223' title='bbox 777 2842 841 2905; x_wconf 89' lang='lat' dir='ltr'>illis</span> <span class='ocrx_word' id='word_1_224' title='bbox 858 2840 1011 2924; x_wconf 87' lang='lat' dir='ltr'>prodesse</span> <span class='ocrx_word' id='word_1_225' title='bbox 1029 2862 1102 2924; x_wconf 91' lang='lat' dir='ltr'>pos·</span> 
     </span>
     <span class='ocr_line' id='line_1_31' title="bbox 146 2929 1102 3015; baseline -0.003 -20"><span class='ocrx_word' id='word_1_226' title='bbox 146 2951 224 3014; x_wconf 84' lang='lat' dir='ltr'>sem,</span> <span class='ocrx_word' id='word_1_227' title='bbox 246 2931 550 3015; x_wconf 66' lang='lat' dir='ltr'>praetermitterem</span> <span class='ocrx_word' id='word_1_228' title='bbox 573 2931 638 3014; x_wconf 86' lang='lat' dir='ltr'>sed,</span> <span class='ocrx_word' id='word_1_229' title='bbox 661 2931 813 3015; x_wconf 89' lang='lat' dir='ltr'>quoniam</span> <span class='ocrx_word' id='word_1_230' title='bbox 836 2929 922 3013; x_wconf 90' lang='lat' dir='ltr'>apud</span> <span class='ocrx_word' id='word_1_231' title='bbox 943 2933 977 2993; x_wconf 89' lang='lat' dir='ltr'>te</span> <span class='ocrx_word' id='word_1_232' title='bbox 999 2929 1102 2993; x_wconf 90' lang='lat' dir='ltr'>nihilo</span> 
     </span>
     <span class='ocr_line' id='line_1_32' title="bbox 145 3017 1102 3104; baseline -0.003 -21"><span class='ocrx_word' id='word_1_233' title='bbox 145 3020 253 3084; x_wconf 85' lang='lat' dir='ltr'>minus</span> <span class='ocrx_word' id='word_1_234' title='bbox 280 3020 343 3085; x_wconf 90' lang='lat' dir='ltr'>hoc</span> <span class='ocrx_word' id='word_1_235' title='bbox 369 3024 513 3104; x_wconf 86' lang='lat' dir='ltr'>ternpore</span> <span class='ocrx_word' id='word_1_236' title='bbox 541 3020 647 3084; x_wconf 81' lang='lat' dir='ltr'>valere</span> <span class='ocrx_word' id='word_1_237' title='bbox 678 3041 729 3083; x_wconf 90' lang='lat' dir='ltr'>me</span> <span class='ocrx_word' id='word_1_238' title='bbox 758 3017 899 3102; x_wconf 85' lang='lat' dir='ltr'>confido,</span> <span class='ocrx_word' id='word_1_239' title='bbox 930 3039 1027 3102; x_wconf 90' lang='lat' dir='ltr'>quam</span> <span class='ocrx_word' id='word_1_240' title='bbox 1048 3038 1102 3081; x_wconf 85' lang='lat' dir='ltr'>ua-</span> 
     </span>
     <span class='ocr_line' id='line_1_33' title="bbox 146 3108 1103 3194; baseline -0.005 -22"><span class='ocrx_word' id='word_1_241' title='bbox 146 3109 261 3173; x_wconf 90' lang='lat' dir='ltr'>luerim</span> <span class='ocrx_word' id='word_1_242' title='bbox 280 3129 407 3194; x_wconf 88' lang='lat' dir='ltr'>semper</span> <span class='ocrx_word' id='word_1_243' title='bbox 425 3108 510 3192; x_wconf 90' lang='lat' dir='ltr'>apud</span> <span class='ocrx_word' id='word_1_244' title='bbox 528 3108 621 3173; x_wconf 79' lang='lat' dir='ltr'>bonos</span> <span class='ocrx_word' id='word_1_245' title='bbox 640 3129 760 3192; x_wconf 83' lang='lat' dir='ltr'>omnes,</span> <span class='ocrx_word' id='word_1_246' title='bbox 777 3128 837 3192; x_wconf 87' lang='lat' dir='ltr'>pro</span> <span class='ocrx_word' id='word_1_247' title='bbox 851 3109 964 3170; x_wconf 86' lang='lat' dir='ltr'>nostra</span> <span class='ocrx_word' id='word_1_248' title='bbox 978 3122 1103 3169; x_wconf 87' lang='lat' dir='ltr'>summa</span> 
     </span>
     <span class='ocr_line' id='line_1_34' title="bbox 145 3193 1102 3281; baseline -0.006 -20"><span class='ocrx_word' id='word_1_249' title='bbox 145 3197 383 3263; x_wconf 85' lang='lat' dir='ltr'>necessitudine</span> <span class='ocrx_word' id='word_1_250' title='bbox 415 3196 548 3281; x_wconf 88' lang='lat' dir='ltr'>parique</span> <span class='ocrx_word' id='word_1_251' title='bbox 574 3197 660 3261; x_wconf 89' lang='lat' dir='ltr'>inter</span> <span class='ocrx_word' id='word_1_252' title='bbox 685 3217 747 3261; x_wconf 94' lang='lat' dir='ltr'>nos</span> <span class='ocrx_word' id='word_1_253' title='bbox 769 3198 803 3260; x_wconf 91' lang='lat' dir='ltr'>et</span> <span class='ocrx_word' id='word_1_254' title='bbox 831 3197 944 3258; x_wconf 87' lang='lat' dir='ltr'>mutua</span> <span class='ocrx_word' id='word_1_255' title='bbox 965 3193 1102 3257; x_wconf 83' lang='lat' dir='ltr'>benevo-</span> 
     </span>
     <span class='ocr_line' id='line_1_35' title="bbox 145 3282 1103 3370; baseline -0.005 -21"><span class='ocrx_word' id='word_1_256' title='bbox 145 3287 247 3350; x_wconf 86' lang='lat' dir='ltr'>lentia</span> <span class='ocrx_word' id='word_1_257' title='bbox 270 3286 328 3351; x_wconf 89' lang='lat' dir='ltr'>abs</span> <span class='ocrx_word' id='word_1_258' title='bbox 351 3289 384 3350; x_wconf 89' lang='lat' dir='ltr'>te</span> <span class='ocrx_word' id='word_1_259' title='bbox 407 3289 492 3370; x_wconf 84' lang='lat' dir='ltr'>peto,</span> <span class='ocrx_word' id='word_1_260' title='bbox 515 3288 552 3349; x_wconf 89' lang='lat' dir='ltr'>ut</span> <span class='ocrx_word' id='word_1_261' title='bbox 573 3285 621 3349; x_wconf 87' lang='lat' dir='ltr'>ita</span> <span class='ocrx_word' id='word_1_262' title='bbox 643 3285 682 3350; x_wconf 89' lang='lat' dir='ltr'>de</span> <span class='ocrx_word' id='word_1_263' title='bbox 706 3282 930 3349; x_wconf 87' lang='lat' dir='ltr'>Volaterranis</span> <span class='ocrx_word' id='word_1_264' title='bbox 952 3301 1103 3365; x_wconf 82' lang='lat' dir='ltr'>mereare,</span> 
     </span>
    </p>
   </div>
   <div class='ocr_carea' id='block_1_3' title="bbox 148 3489 1103 3680">
    <p class='ocr_par' dir='ltr' id='par_1_3' title="bbox 148 3489 1103 3680">
     <span class='ocr_line' id='line_1_36' title="bbox 184 3489 1103 3619; baseline -0.008 -69"><span class='ocrx_word' id='word_1_265' title='bbox 184 3495 269 3619; x_wconf 79' lang='lat' dir='ltr'>lEp.</span> <span class='ocrx_word' id='word_1_266' title='bbox 289 3501 315 3564; x_wconf 80' lang='lat'>4,</span> <span class='ocrx_word' id='word_1_267' title='bbox 333 3501 358 3549; x_wconf 89' lang='grc'>3.</span> <span class='ocrx_word' id='word_1_268' title='bbox 394 3499 426 3549; x_wconf 79' lang='lat' dir='ltr'>ut</span> <span class='ocrx_word' id='word_1_269' title='bbox 444 3499 468 3548; x_wconf 82' lang='lat' dir='ltr'>et</span> <span class='ocrx_word' id='word_1_270' title='bbox 486 3493 576 3548; x_wconf 74' lang='lat' dir='ltr'>hortor</span> <span class='ocrx_word' id='word_1_271' title='bbox 599 3492 654 3558; x_wconf 89' lang='lat' dir='ltr'>(W.</span> <span class='ocrx_word' id='word_1_272' title='bbox 674 3509 707 3547; x_wconf 82' lang='lat' dir='ltr'>ex</span> <span class='ocrx_word' id='word_1_273' title='bbox 725 3492 755 3545; x_wconf 92' lang='lat' dir='ltr'>B.</span> <span class='ocrx_word' id='word_1_274' title='bbox 775 3490 866 3560; x_wconf 89' lang='lat' dir='ltr'>conj.).</span> <span class='ocrx_word' id='word_1_275' title='bbox 910 3494 941 3546; x_wconf 78' lang='lat' dir='ltr'>ut</span> <span class='ocrx_word' id='word_1_276' title='bbox 964 3491 1031 3544; x_wconf 77' lang='lat' dir='ltr'>tab.</span> <span class='ocrx_word' id='word_1_277' title='bbox 1056 3489 1103 3558; x_wconf 67' lang='lat' dir='ltr'>M„</span> 
     </span>
     <span class='ocr_line' id='line_1_37' title="bbox 148 3583 899 3680; baseline -0.001 -63"><span class='ocrx_word' id='word_1_278' title='bbox 148 3583 184 3619; x_wconf 82' lang='lat' dir='ltr'>vu</span> <span class='ocrx_word' id='word_1_279' title='bbox 196 3583 241 3638; x_wconf 84' lang='lat' dir='ltr'>go.</span> <span class='ocrx_word' id='word_1_280' title='bbox 845 3630 899 3680; x_wconf 63' lang='lat' dir='ltr'><em>w</em></span> 
     </span>
    </p>
   </div>
   <div class='ocr_carea' id='block_1_4' title="bbox 0 0 1329 3986">
    <p class='ocr_par' dir='ltr' id='par_1_4' title="bbox 0 0 1329 3986">
     <span class='ocr_line' id='line_1_38' title="bbox 0 0 1329 3986; baseline 0 0"><span class='ocrx_word' id='word_1_281' title='bbox 0 0 1329 3986; x_wconf 95' lang='lat' dir='ltr'> </span> 
     </span>
    </p>
   </div>
  </div>
 </body>
</html>
