2568 3980
319 235 580 292 EPISTOLARUM
598 236 632 292 v,
653 243 695 292 10.
708 237 815 292 b.-1e.
982 235 1046 303 135

84 381 199 464 itaque
220 381 339 449 faciem
361 402 509 466 eamque,
531 381 560 446 si
582 403 663 466 opus
686 402 755 446 esee
778 380 951 466 videbitur,
977 381 1045 466 ipse

86 469 294 553 conveniam
319 471 357 533 tu
382 472 494 537 temen
520 470 551 533 ei
577 469 677 534 velim
697 469 834 553 scribas,
860 472 898 536 ut
923 469 1047 534 nullam

86 579 157 622 rem
179 578 285 640 neque
306 559 375 622 tarn
397 578 551 642 magnum
572 579 677 642 neque
698 560 767 623 tam
788 579 923 642 parvam
945 561 1061 642 putet„

82 667 172 730 quse
195 645 275 710 mibi
298 647 357 709 aut
377 644 518 710 difficilis
540 649 598 713 aut
619 667 734 729 parum
751 667 803 712 me
820 645 921 731 digna
940 644 1046 709 videa·

80 737 153 798 tur:
180 734 307 818 omnim
321 755 404 816 quac
425 733 461 800 in
482 733 547 798 tuis
569 733 666 798 rebus
685 754 789 819 agam,
803 736 845 799 et
866 755 934 800 non
956 731 1044 799 labo·
1111 759 1114 764 ·

83 823 176 888 riusa
199 821 279 890 mibi
300 824 341 886 et·
354 822 493 888 honesta
514 821 717 888 videbuntur.
756 821 996 906 DeDionysio,
1019 821 1081 886 sis

82 931 137 976 me
166 929 273 994 amus,
302 909 437 974 confice:
467 931 702 994 quamcumque
734 911 764 974 ei
789 910 886 976 fidem
914 909 1047 994 dederis,

83 998 277 1083 praestab03
307 998 438 1066 sivero
465 999 633 1083 improbus
659 998 770 1083 fuerit,
796 1002 834 1064 ut
861 1001 922 1082 est,
950 997 1047 1064 duces
1100 1026 1101 1029 ¹

84 1108 164 1152 cum
190 1087 352 1170 captivum
371 1087 409 1152 in
430 1085 605 1172 triumpho.
648 1085 809 1153 Dalmatis
838 1085 872 1152 di
894 1086 977 1152 male
999 1087 1047 1151 fa-

83 1175 196 1259 ciant,
216 1175 272 1260 qui
293 1175 354 1240 tibi
376 1175 504 1244 molesti
525 1175 615 1240 sunt!
648 1174 717 1259 sed,
742 1177 781 1239 ut
803 1174 930 1258 scribis,
957 1171 1048 1238 brevi

83 1264 319 1416 capienhtmt
349 1263 568 1416 fflbsbrblunt'
584 1285 635 1329 res
666 1266 740 1328 tuas
768 1265 890 1349 gestam
920 1282 1057 1346 semper.

83 1373 178 1416 emm
267 1373 279 1416 r
328 1372 389 1418 sun
449 1373 466 1416 e
491 1373 579 1418 mosi.
1138 1377 1140 1381 ’

529 1543 605 1610 XII.

1 1691 3 1712 ‚
120 1657 187 1712 Scr.
206 1656 235 1710 in
253 1656 388 1727 Arpinati¹
402 1671 497 1712 mense
515 1656 606 1727 Aprili
625 1657 699 1726 (circ.
718 1657 794 1726 lctus)
813 1672 838 1711 a
857 1675 884 1712 u.
903 1674 927 1742 c
944 1663 1006 1712 698.

263 1781 300 1836 Μ.
320 1777 449 1835 CICERO
469 1779 499 1842 s„
514 1780 548 1835 D.
567 1779 598 1834 L.
616 1777 768 1836 ccccmo
788 1779 819 1846 Q.
838 1775 869 1835 1³.

155 1879 276 1946 Coram
301 1901 353 1946 me
379 1885 487 1946 tecum
514 1881 626 1946 ecdem
651 1881 732 1946 baec
754 1900 850 1966 agere
877 1901 972 1965 saepe
995 1900 1089 1952 co·1.

86 1973 226 2036 nantem
252 1968 408 2034 deterruit
429 1969 533 2054 pudor
561 1969 691 2054 quidem
712 1989 815 2054 paene
839 1969 1048 2052 subrusticus,

87 2081 174 2143 qnae
188 2079 274 2122 nunc
287 2076 474 2142 expromam
491 2057 608 2124 absens
627 2057 788 2140 audacius,
806 2057 944 2141 epistola
960 2057 1048 2120 enim

87 2169 158 2212 non
183 2145 350 2214 erubescit.
393 2145 503 2212 Ardeo
526 2146 701 2231 cupiditate
727 2144 908 2210 incredibili
933 2164 1049 2227 neque,

87 2239 128 2300 ut
149 2255 212 2320 ego
235 2234 384 2318 arbitror,
405 2234 678 2319 reprehendenda,
699 2254 819 2299 nomen
840 2235 878 2299 ut
899 2234 1048 2296 nostrum

87 2323 219 2407 scriptis
236 2323 416 2388 illustretur
435 2327 467 2387 ct
484 2323 662 2388 celebretur
679 2322 758 2406 tuis3
780 2320 866 2405 quod
884 2319 946 2384 etsi
967 2317 1049 2384 mibi

90 2431 188 2496 saepe
210 2410 382 2476 ostendisti
406 2414 440 2476 te
467 2432 537 2476 esse
563 2411 738 2494 facturum,
764 2413 874 2477 temen
896 2409 1047 2494 ignoscas

90 2499 188 2564 velim
208 2499 288 2564 huic
311 2499 514 2567 festinationi
540 2521 644 2582 meac3
670 2519 774 2584 genus
801 2497 887 2563 enim
914 2497 1048 2582 scripto·

91 2608 165 2652 rum
186 2591 318 2653 tuorum
340 2587 401 2652 etsi
423 2591 495 2656 eret
516 2608 683 2672 semper-a
700 2608 752 2652 me
768 2586 976 2651 uehementer
996 2607 1047 2650 ex·

91 2671 282 2777 spectatum,
302 2679 413 2776 tamen
434 2675 513 2776 vicit
534 2677 721 2760 opinionem
740 2695 848 2740 meam
865 2673 1049 2775 mequeita

92 2764 145 2830 uel
165 2767 251 2848 cepit
277 2763 330 2828 vel
350 2764 507 2847 mcendrt,
534 2767 572 2830 ut
593 2784 743 2848 cuperem
765 2784 863 2848 quam
885 2763 1048 2828 celerume

93 2872 145 2918 res
173 2855 305 2918 nostras
335 2851 553 2921 monumentis
586 2851 815 2918 commendari
833 2849 913 2934 tuis3
944 2872 1048 2936 neque
1181 2904 1186 2912 .

93 2939 178 3006 enim
199 2962 252 3006 me
276 2941 382 3006 solum
401 2941 662 3006 commemoratio
680 2939 879 3024 posteritatis
898 2938 938 3003 cd
958 2960 1048 3024 spem

94 3029 255 3110 quendem
277 3028 531 3094 immortulitatis
552 3028 651 3112 rapit,
679 3027 855 3092 sedetiam
881 3027 938 3092 illa
961 3027 1047 3112 cupi·

95 3114 190 3200 dites,
215 3119 254 3181 ut
280 3117 332 3182 vel
358 3117 550 3182 auctoritate
576 3115 754 3182 testimonii
780 3115 829 3183 tui
855 3116 907 3181 vel
929 3112 1047 3179 indicio

97 3201 335 3271 benemlentiac
357 3205 411 3272 uel
432 3205 591 3270 suautute
612 3205 737 3291 ingenii
753 3204 819 3270 vivi
836 3203 1047 3287 perfruamur.

99 3287 207 3376 Neque
228 3295 348 3378 tumen,
368 3292 449 3358 haec
472 3313 571 3376 quum
592 3293 781 3377 scribebam,
803 3312 893 3356 eram
912 3289 1048 3376 nescius,
1066 3309 1082 3359 a

169 3499 216 3570 Ep.
237 3509 277 3571 11,
291 3508 317 3557 s.
345 3518 406 3558 eum
424 3499 562 3571 captivum
579 3503 612 3556 is
629 3501 702 3570 (Μ.).·
733 3516 794 3554 eum
813 3497 857 3574 [a]
876 3499 908 3554 iu
921 3497 996 3567 Em,
1014 3498 1046 3553 Β.

102 3567 153 3636 Ep.
171 3576 209 3639 12,
224 3579 245 3626 1.
282 3573 329 3628 sed
347 3572 469 3628 iucasdit
487 3573 568 3628 mom
585 3573 638 3627 illc
655 3587 717 3642 cup.
736 3567 787 3640 (Β.)
