2658 3986
389 238 648 294 EPISTOLARUM
665 241 725 295 vn.
743 246 785 294 aa.
805 247 847 295 14.
1031 239 1095 304 217

135 381 248 467 Nicia,
275 382 362 466 quod
389 384 417 448 is
444 385 558 469 utitur,
585 388 624 448 ut
651 385 725 469 scis,
752 384 955 450 familiariter
977 383 1098 452 Cassio.

137 471 188 537 Ut
208 471 290 535 redii
313 475 434 555 autem,
461 472 649 557 priusquam
671 477 744 538 tuas
766 474 831 558 legi
853 474 913 538 has
936 475 1098 558 proximas

135 561 278 644 litteras,
307 560 454 644 quaesivi
477 561 515 625 de
543 583 615 626 mea
637 561 757 646 Tullia,
780 562 856 646 quid
880 563 1010 648 egisset:
1040 585 1098 647 per

138 649 300 714 Liciniam
323 671 356 712 se
384 649 488 734 egisse
511 649 638 714 dicebat
661 687 703 697 —
727 650 783 716 sed
813 651 929 735 opinor
951 649 1098 716 Cassium

137 737 190 802 uti
211 759 279 802 non
302 737 350 801 ita
374 739 513 802 multum
540 759 649 804 sorore
671 762 729 824 -3
756 761 826 804 eam
853 762 950 824 porro
978 761 1097 826 negare

139 847 175 890 sa
199 826 325 910 audere,
348 848 447 910 quum
469 827 519 890 vir
542 827 729 893 abesset-
748 832 797 893 est
819 829 905 893 enim
933 829 1097 914 profectus

137 915 176 978 in
203 911 395 998 Hispaniam
413 916 434 995 †
452 915 572 980 Dexius
596 953 652 999 —,
683 917 739 982 illo
772 921 805 982 et
834 918 966 982 absente
995 922 1027 982 et
1049 919 1097 983 in·

139 1002 262 1067 sciente
285 1003 433 1088 migrare.
478 1003 540 1068 Est
566 1005 646 1068 mihi
670 1005 888 1089 gratissimum
914 1007 1000 1072 tanti
1023 1011 1096 1071 ate

138 1091 344 1163 aestimatam
376 1093 642 1158 consuetudinem
673 1093 758 1158 vitae
790 1094 957 1178 victusque
984 1096 1097 1179 nostri,

137 1179 281 1264 primum
311 1183 350 1244 ut
382 1202 454 1244 earn
486 1181 626 1256 domum¹
648 1203 803 1266 sumeres,
834 1186 871 1246 ut
902 1205 969 1248 non
1000 1183 1096 1248 modo

138 1289 243 1353 prope
260 1289 321 1353 me,
344 1268 400 1334 sed
418 1271 513 1354 plane
532 1291 657 1334 mecum
674 1270 821 1335 habitare
838 1291 959 1355 posses,
982 1271 1097 1336 deindo

138 1360 179 1422 ut
200 1357 340 1442 migrare
362 1361 456 1424 tanto
480 1379 576 1442 opere
598 1359 740 1424 festines.
786 1358 848 1424 Sed
870 1381 912 1424 ne
935 1360 1050 1444 vivam,
1070 1361 1097 1424 si

138 1445 202 1510 tibi
224 1446 374 1531 concedo,
396 1450 433 1511 ut
456 1447 524 1511 cius
547 1448 593 1512 rei
615 1451 652 1512 tu
675 1448 820 1532 cupidior
839 1449 893 1533 sis,
915 1471 1012 1534 quam
1035 1470 1096 1534 ego

139 1556 225 1599 snm:
248 1534 357 1618 itaque
380 1535 489 1600 omnia
512 1537 669 1620 experiar3
691 1537 784 1603 video
807 1539 903 1622 enim,
926 1538 1003 1622 quid
1025 1559 1097 1602 mea

137 1623 282 1707 intersit,
314 1623 390 1707 quid
416 1624 583 1708 utriusque
615 1629 771 1690 nostrum.
817 1624 851 1691 Si
883 1627 959 1711 quid
990 1648 1097 1712 egero,

137 1711 266 1796 faciam,
284 1714 323 1776 ut
336 1713 432 1777 scias:
450 1715 487 1777 tu
506 1715 539 1778 et
557 1713 598 1778 ad
617 1715 726 1779 omnia
738 1716 893 1780 rescribes
908 1719 949 1800 et,
968 1715 1096 1799 quando

137 1803 172 1866 te
196 1803 390 1887 exspectem,
412 1801 511 1867 facies
534 1823 585 1867 me
592 1852 601 1887 ,
624 1803 651 1866 si
673 1803 733 1867 tibi
755 1804 895 1886 videtur,
919 1805 1096 1870 certiorem.

557 2013 677 2080 XXIV.

212 2123 270 2179 Scr.
289 2123 320 2178 in
337 2123 497 2181 Tusculano
517 2125 642 2194 (ineunte
660 2143 696 2180 m.
716 2123 806 2196 Octtl
823 2143 850 2202 a.
869 2143 896 2182 u.
915 2143 938 2182 o.
959 2132 1019 2182 709.

307 2251 351 2306 M.
370 2249 498 2305 ciouao
519 2215 653 2305 01111.
672 2247 783 2307 111110
803 2250 931 2306 erano.

206 2348 338 2416 Amoris
359 2351 489 2436 quidem
511 2351 573 2435 tui,
600 2373 728 2435 quoquo
750 2373 801 2416 me
828 2353 923 2435 verti,
952 2351 1097 2437 vestigia,

138 2439 191 2504 vel
213 2439 358 2524 proxime
382 2439 421 2506 de
441 2439 592 2524 Tigelli03
615 2441 701 2505 sensi
724 2441 809 2505 enim
833 2462 872 2505 ex
893 2441 1009 2506 litteris
1031 2441 1096 2505 tuis

138 2528 233 2594 valde
265 2533 297 2594 te
329 2528 510 2594 laborasse:
542 2551 615 2594 amo
647 2529 747 2614 igitur
777 2531 988 2595 voluntatem.
1034 2528 1097 2595 Sed

139 2637 244 2701 peuce
267 2617 306 2680 de
329 2639 372 2682 re.
418 2614 542 2701 Cipius,
565 2617 694 2701 opinor,
717 2618 807 2684 olim:
834 2639 920 2703 „non
947 2619 1096 2684 omnibus

140 2703 295 2780 dormio“:
328 2706 374 2770 sic
401 2726 461 2790 ego
489 2727 558 2770 nou
585 2707 748 2790 omnibus,
779 2707 827 2771 mi
847 2705 951 2792 Galle,
979 2709 1095 2791 servio3

139 2793 202 2858 etsi
225 2815 306 2878 quae
334 2797 385 2858 est
410 2794 490 2860 haec
522 2795 680 2859 servitus?
713 2795 803 2878 olim,
835 2817 934 2879 quum
960 2816 1096 2882 regnare

139 2882 412 2967 existimabamur,
434 2904 501 2948 non
519 2885 587 2946 tam
608 2883 650 2947 ab
663 2882 746 2967 ullis,
766 2905 862 2967 quam
876 2884 938 2949 hoc
952 2888 1097 2970 tempore

139 2970 294 3038 observor
317 2993 337 3036 a
359 2971 617 3036 familiarissimis
637 2969 783 3036 Caesaris
800 2973 951 3037 omnibus
969 2978 1097 3059 praeter

138 3060 252 3124 istum:
279 3059 313 3124 id
338 3080 400 3144 ego
427 3059 463 3124 in
489 3059 586 3124 lucris
609 3081 710 3144 pono,
736 3081 804 3126 non
825 3061 910 3127 ferre
932 3062 1097 3126 hominem

138 3148 394 3232 pestilentiorem
415 3149 522 3232 patria
545 3170 616 3231 sua3
643 3170 779 3232 eumque
803 3149 965 3214 addictum
988 3150 1096 3227 iam†

137 3240 210 3301 tum
232 3239 312 3321 puto
336 3257 405 3300 esse
424 3234 515 3301 Calvi
532 3235 649 3301 Licinii
667 3236 892 3322 Hipponacteo
915 3237 1097 3322 praeconio.

138 3323 185 3389 At
216 3325 303 3410 vide,
334 3324 411 3409 quid
438 3329 635 3390 suscenseat:
666 3324 827 3390 Phameae
855 3347 985 3390 causam
1012 3339 1131 3392 rece-2

209 3516 262 3586 Ep.
282 3522 325 3584 23,
339 3523 364 3570 4.
404 3517 514 3572 01111101
532 3517 599 3586 (ld).
642 3517 779 3572 videbitur
801 3516 845 3584 N,
864 3516 895 3570 Β.
940 3515 992 3587 Ep.
1012 3521 1095 3584 24,1.

138 3588 194 3642 iam
208 3591 226 3655 †
240 3592 299 3642 tan
317 3587 392 3658 (W.).
429 3589 485 3642 iam
503 3588 608 3643 dudam
626 3587 681 3658 (L.)
