2556 3986
320 201 578 258 EPISTOLARUM
595 201 656 258 XV.
673 209 751 259 6-9.
947 201 1013 267 515

55 344 205 411 secundis
229 349 263 411 et
289 369 361 411 sum
382 349 471 413 totus
494 350 601 413 vester
623 351 655 412 et
682 369 751 412 esse
774 347 888 432 debeo,
916 369 1014 431 quum

54 435 248 519 praesertim
270 436 383 500 matris
405 438 494 521 tuae,
522 437 731 522 gravissimae
754 438 850 520 atque
874 436 1015 521 optimae

54 523 207 608 feminae,
229 524 352 589 maiora
374 545 452 610 erga
476 526 612 590 salutem
633 525 887 610 dignitatemque
910 545 1016 589 meam

56 612 179 697 studia,
207 633 304 697 quam
331 617 425 677 erant
452 614 626 678 amuliere
653 613 861 700 postulanda,
887 634 1015 698 perspe

54 700 169 765 xerim.
214 699 417 786 Quapropter
440 724 459 766 a
485 705 519 767 te
541 705 617 787 peto
639 703 674 767 in
697 703 853 768 maiorem
874 702 1016 786 modum,

18 819 20 822 ·
54 791 97 853 ut
118 810 170 853 me
193 789 359 854 absentem
382 790 498 876 diligas
522 795 618 875 atque
642 791 804 856 defendas.

493 984 584 1051 VIII.

87 1094 144 1150 Sor.
162 1094 269 1150 ibidem
287 1096 384 1152 ecdem
402 1113 498 1153 mense
516 1114 550 1152 ac
568 1098 687 1152 fortasse
706 1097 752 1152 dis
771 1097 896 1154 eiusdem
914 1095 989 1152 anni.

55 1218 97 1274 M.
117 1217 245 1275 CICERO
269 1219 416 1276 PROCOS.
441 1219 468 1275 S.
490 1220 524 1275 D.
548 1219 577 1276 C.
595 1219 793 1277 MARCELLO
818 1219 1017 1277 COLLEGAE.

127 1318 315 1387 Marcellum
336 1324 430 1386 tuum
452 1321 617 1387 consulem
638 1321 761 1386 factum
783 1325 879 1407 teque
897 1343 936 1386 ea
952 1321 1017 1385 lae-

56 1407 134 1472 titia
162 1408 312 1475 affectum
339 1431 422 1495 esse,
449 1431 546 1495 quam
573 1411 710 1476 maxime
738 1411 871 1496 optasti,
898 1411 1004 1474 miran

57 1496 194 1560 durnin
216 1497 349 1564 modum
371 1499 511 1585 gaudeo,
537 1499 632 1584 idque
661 1520 759 1584 quum
786 1499 888 1585 ipsius
911 1520 1018 1583 causa,

56 1589 131 1649 tum
160 1586 305 1670 quodie
332 1587 481 1654 omnibus
509 1588 747 1654 secundissimis
773 1589 870 1654 rebus
897 1588 1018 1672 dignis·

58 1673 179 1738 simum
204 1674 325 1760 iudico,
355 1676 444 1740 cuius
472 1697 549 1761 erga
575 1699 627 1740 me
655 1677 851 1778 singularem
880 1677 1018 1742 benevo-

56 1761 196 1826 lentiam
217 1762 300 1826 vel'
291 1785 327 1827 ιιι
348 1762 458 1829 labore
481 1785 553 1828 meo
580 1765 667 1828 vel
657 1787 693 1828 111
714 1765 839 1830 honore
861 1763 1019 1849 perspexi,

58 1851 167 1914 totam
185 1849 322 1933 denique
341 1851 472 1916 domum
489 1854 630 1915 vestram
646 1853 699 1916 vel
717 1853 829 1916 salutis
842 1852 895 1916 vel
915 1851 1018 1937 digni·

60 1936 139 2002 tatis
157 1959 248 2001 meae
267 1938 534 2003 studiosissimam
553 1939 854 2042 cupidissimamque
872 1940 1018 2025 cognovi

61 2025 168 2102 Quare
196 2029 270 2112 grat
271 2049 326 2092 um
357 2027 438 2092 mihi
464 2027 591 2112 feceris,
619 2028 647 2092 si
675 2029 768 2093 uxori
794 2033 870 2092 tuae
897 2027 1019 2112 Iuniae,
1079 2065 1088 2076 -

61 2115 272 2199 gravissimae
291 2119 325 2179 at
326 2137 387 2200 que
407 2115 547 2200 optimae
564 2116 714 2200 feminae,
733 2117 813 2182 meis
831 2116 938 2181 verbis
956 2117 1018 2181 eris

62 2203 255 2288 gratulatus.
299 2203 331 2268 A
352 2207 385 2269 te
408 2204 455 2289 id,
478 2204 564 2288 quod
586 2205 756 2290 consuesti,
777 2207 867 2291 peto,
890 2227 941 2270 me
963 2205 1019 2270 ab·

62 2293 188 2356 sentem
211 2291 327 2378 diligas
350 2296 447 2378 etque
471 2292 635 2358 defendas.

512 2485 570 2552 IX.

88 2596 146 2652 Ser.
164 2596 270 2654 ibidem
288 2600 387 2655 ecdem
405 2617 499 2656 mense
518 2615 552 2654 ac
567 2599 689 2655 tortasse
707 2597 752 2655 die
771 2599 895 2656 eiusdem
914 2599 989 2656 anni.

134 2721 171 2774 Μ.
191 2720 320 2779 CICERO
339 2721 486 2779 PROCOS.
507 2723 534 2778 S.
552 2723 586 2779 D.
605 2723 643 2777 Μ.
657 2723 855 2780 MARCELLO
874 2722 948 2779 COS.

130 2821 176 2886 'Pe
199 2826 232 2887 et
253 2823 384 2909 pietatis
410 2823 446 2888 in
472 2826 547 2889 tuos
575 2827 608 2889 et
631 2823 730 2888 animi
758 2824 794 2888 in
820 2845 889 2889 rem
916 2825 1051 2909 publi-1

61 2933 135 2978 cam
158 2914 191 2976 et
213 2912 381 2978 clarissimi
404 2915 500 2997 atque
524 2911 639 2998 optimi
667 2912 855 2978 consulatus
877 2910 912 2978 C.
934 2912 1019 2978 Mar·

61 3001 144 3066 cello
162 3002 295 3066 consule
312 3001 399 3067 facto
416 3001 559 3067 fructum
577 3001 699 3086 cepisse
717 3001 923 3067 vehementer
942 3022 1019 3087 gau·

61 3091 132 3156 deo.
176 3088 254 3155 Non
286 3090 412 3176 dubito,
443 3089 520 3175 quid
551 3092 737 3176 praesentes
769 3090 927 3172 sentiant3
958 3111 1019 3154 nos

61 3178 192 3263 quidem
223 3179 394 3264 longinqui
426 3181 458 3243 et
490 3200 510 3243 a
535 3183 569 3244 te
599 3180 671 3264 ipso
700 3179 791 3244 missi
821 3179 856 3242 in
887 3178 1018 3242 ultimas

62 3270 176 3353 gentes
200 3267 241 3332 ad
264 3268 388 3332 eaelum
410 3267 591 3333 mehercule
613 3267 757 3333 tollimus
784 3266 959 3332 verissimis
982 3287 1019 3331 ac

79 3549 100 3604 l·
132 3477 231 3618 Epis}
250 3484 275 3533 1.
311 3478 431 3533 tollimus
455 3477 516 3546 (ln,
534 3477 639 3547 vulgo).
684 3481 709 3531 te
730 3476 786 3530 toll.
813 3475 952 3546 (Remea,
972 3475 1017 3532 W.

61 3567 139 3618 orm,
184 3593 188 3602 .

750 3639 805 3692 33*
