2636 3986
347 221 607 280 EPISTOLARUM
624 223 698 277 xm.
719 228 831 278 71-14.
1000 222 1067 287 475

108 369 139 434 si
160 363 323 434 Romae*
323 371 378 440 ,te
400 366 551 432 vidissem
574 387 744 453 coramque
772 365 892 451 gratias
921 366 1067 451 egissem,

108 457 195 541 quod
212 454 326 520 tibiL.
344 455 513 542 Egnatius,
531 454 801 520 familiarissimus
820 475 919 537 meus,
942 455 1067 538 absens,

106 545 146 610 L.
169 543 292 628 Oppius
314 565 467 628 praesens
495 564 588 609 curae
615 543 738 608 fuisset
783 541 867 609 Oum
893 505 1101 626 despesos

109 633 250 698 Derbete
276 633 357 697 mihi
383 653 450 696 non
479 632 584 698 solum
614 631 804 732 hospitium,
835 631 1068 695 verumetiam

109 743 238 787 summa
272 720 475 785 familiaritas
510 719 693 785 intercedit:
731 720 760 784 ei
795 723 829 783 te
863 719 1069 784 vehementer

111 809 329 874 suscensuisse
361 808 467 873 audivi
499 811 533 873 et
561 808 695 872 moleste
726 807 794 872 tuli.
844 806 893 871 De
920 828 955 872 re
986 807 1068 871 nihil

108 920 243 984 possum
261 897 410 979 iudicare,
432 897 495 962 nisi
512 897 593 962 illud
610 896 690 960 mihi
707 896 893 980 persuadeo,
910 899 951 980 te,
968 895 1068 960 talem

109 987 228 1069 virum,
250 985 332 1050 nihil
353 989 473 1050 temere
495 985 622 1068 fecisse3
650 1005 672 1048 o
692 987 725 1048 te
748 987 857 1048 autem
878 1006 937 1068 pro
959 988 1067 1048 vetere

109 1078 224 1140 nostra
253 1074 488 1139 necessitudine
520 1073 618 1138 etiam
650 1075 746 1157 atque
779 1072 880 1138 etiam
908 1075 1000 1156 peto,
1032 1074 1069 1137 ut

111 1163 180 1227 eius
202 1163 298 1245 filios,
326 1163 382 1246 qui
404 1163 439 1226 in
460 1165 518 1226 tua
538 1163 699 1245 potestate
723 1163 811 1243 sunt,
837 1159 918 1226 mihi
939 1159 1068 1244 potissi·

109 1273 202 1316 mum
223 1251 394 1336 condones,
416 1250 481 1314 nisi
504 1249 580 1335 quid
598 1249 763 1314 existimas
786 1249 821 1312 in
840 1270 878 1312 ea
899 1269 933 1313 re
955 1247 1069 1314 violari

72 1397 80 1408 ,
112 1339 383 1405 existimationem
405 1342 509 1404 tuam:
534 1338 620 1424 quod
642 1357 702 1422 ego
726 1337 753 1402 si
772 1337 953 1421 arbitrarer,
975 1359 1068 1401 num-
1139 1415 1144 1424 Ι

112 1450 211 1513 quam
228 1431 260 1492 te
278 1447 426 1512 rogarem
444 1427 586 1512 mihique
604 1429 662 1490 tua
678 1425 766 1490 fama
785 1426 888 1490 multo
907 1425 1070 1509 antiquior

112 1519 211 1599 esset,
234 1538 331 1601 quam
352 1516 409 1581 illa
430 1514 632 1586 necessitudo
656 1517 718 1598 est;
747 1513 804 1597 sed
827 1513 907 1578 mihi
929 1513 976 1577 ita
997 1534 1068 1597 per-

111 1604 231 1670 suadeo
255 1641 297 1650 -—
320 1607 428 1689 potest
449 1604 527 1686 fieri,
548 1607 586 1668 ut
607 1602 702 1666 fallar
722 1639 774 1686 —,
797 1623 868 1666 eam
891 1623 959 1666 rem
981 1601 1069 1665 laudi

111 1693 174 1758 tibi
186 1694 294 1777 potius
309 1714 406 1776 quam
419 1691 646 1776 vituperationi
663 1690 740 1756 fore.
778 1689 861 1766 Quid
879 1690 949 1754 fieri
965 1690 1071 1773 possit

112 1785 147 1845 et
170 1781 247 1864 quid
268 1800 342 1844 mea
360 1780 699 1863 causa-facerepossis
715 1817 756 1825 -
771 1801 857 1862 nam,
881 1779 959 1863 quin
981 1778 1070 1861 velie,

112 1889 182 1935 non
204 1867 316 1931 dubito
339 1905 395 1950 -,
417 1867 526 1951 velim,
554 1868 583 1933 si
603 1867 664 1932 tibi
687 1888 783 1952 grave
806 1888 874 1934 nou
901 1866 977 1949 erit,
1004 1886 1070 1932 cer·

112 1955 231 2024 tionem
254 1977 305 2022 me
327 1955 436 2020 facias.

520 2163 665 2230 nxxrv.
966 2247 968 2252 ¹

396 2276 453 2331 Scr.
471 2277 575 2332 Romae
595 2295 620 2332 a.
639 2295 665 2332 u.
685 2294 708 2333 c.
727 2284 787 2334 333.

248 2400 286 2457 M.
306 2400 437 2458 CICERO
456 2401 487 2468 Q.
506 2393 676 2457 PHILIPPO
694 2399 844 2456 PRocos.
864 2400 939 2456 snt.

182 2503 256 2570 Etsi
277 2524 345 2568 non
363 2502 474 2568 dubito
495 2523 555 2587 pro
577 2506 636 2568 tua
652 2502 688 2566 in
705 2523 756 2567 me
776 2502 980 2567 observantia
997 2524 1071 2586 pro·

114 2614 179 2680 que
214 2594 326 2657 nostra
360 2591 610 2676 necessitudine,
647 2591 724 2675 quin
761 2589 1071 2656 commendationem
1111 2615 1112 2618 ¹

115 2702 223 2746 meam
249 2679 403 2744 memoria
429 2682 554 2764 teneas,
585 2682 696 2744 tamen
723 2679 821 2744 etiam
849 2682 945 2762 atque
973 2679 1071 2742 etiam

115 2769 254 2834 eundem
279 2767 341 2832 tibi
367 2765 402 2832 L.
430 2765 583 2852 Oppium,
609 2767 802 2831 familiarem
828 2787 948 2849 meum,
980 2788 1070 2851 prae-

116 2860 242 2923 sentem
268 2860 301 2920 et
322 2854 357 2920 L.
380 2855 526 2941 Egnatii,
553 2854 796 2920 familiarissimi
823 2854 900 2938 mei,
929 2855 1071 2919 absentis

115 2945 250 3030 negotia
276 2944 472 3010 commendo.
494 2945 503 2956 “
522 2943 629 3010 Tanta
659 2943 740 3008 mihi
771 2965 844 3008 cum
870 2964 908 3008 eo
935 2943 1071 3008 necessi·
1123 2997 1124 3000 ,

113 3034 195 3099 tudo
232 3036 281 3098 est
316 3033 594 3117 familiaritasque,
630 3034 680 3115 ut,
721 3031 749 3097 si
783 3053 857 3096 mea
890 3053 942 3097 res
979 3034 1072 3114 esset,

114 3144 184 3189 non
201 3121 306 3207 magis
327 3122 521 3205 laborarem3
541 3123 737 3207 quapropter
754 3119 975 3205 gratissimum
992 3118 1073 3182 mihi

188 3349 240 3419 Ep.
261 3355 307 3416 73
278 3355 351 3404 31
387 3347 715 3410 Romae*‚teoidissem
736 3363 940 3416 cormuqaeyr.
964 3346 1072 3416 (MW..)

172 3436 240 3475 11111
270 3420 587 3488 111ίά..11111111191
611 3419 696 3487 (W)?
731 3417 965 3484 Rommuoid,
982 3433 1074 3473 eoram

177 3457 1075 3630 Μ(1.).Μ11ῒη,3ΜῖιΜὲἆ1ΜῗΜ3ἕέεΜΜΜῙΜΜ

115 3420 240 3476 Reae

115 3508 159 3562 pr

116 3563 175 3618 aba
