2568 3980
332 250 593 307 nrlsronlnon
610 251 645 306 v.
666 257 708 306 re.
729 258 770 307 rr.
968 249 1032 315 147

26 389 27 406 ¹
92 397 250 479 posteriora
274 400 385 462 autern
407 417 458 460 me
485 419 506 460 a
528 395 697 461 scribendo
718 394 790 468 duis
812 395 1056 462 iniustissimis

92 488 171 567 atque
192 485 407 550 acerbissimis
431 484 643 550 incommodis
666 484 881 550 retardarunt.
926 483 1032 560 Quum

91 590 153 636 rere
181 577 213 638 et
242 574 454 638 intervallum
483 573 550 638 iam
582 573 660 638 satis
691 574 827 658 longum
858 571 973 638 fuisset
1000 578 1033 637 et

90 663 164 724 tuam
187 660 343 728 virtutem
371 661 533 746 animique
560 661 818 747 magnitudinem
845 661 1032 747 diligentius

90 769 175 813 esrem
195 771 325 815 mecum
347 750 549 836 reeordatus,
575 772 644 815 non
661 750 775 834 putavi
797 771 866 816 esse
889 751 1032 814 ebenum

89 835 228 903 mutitatis
250 839 437 904 meis-haec
460 838 501 903 ad
523 841 556 904 te
580 839 730 904 seribere:
754 859 815 925 ego
833 841 875 922 te,
897 837 932 903 P.
947 836 1066 923 Sittio

89 929 114 987 et
131 927 238 1010 primis
260 927 463 1012 temporibus
486 927 565 1012 illis,
592 927 708 1012 quibus
736 928 771 992 in
797 927 953 993 invidiam
976 927 1031 992 ab·

88 1034 148 1078 sens
169 1019 202 1079 et
221 1016 261 1080 in
285 1015 406 1080 crimen
432 1016 604 1100 vocabere,
632 1015 760 1081 defendi
789 1019 834 1099 et,
861 1037 961 1100 quum
983 1015 1033 1080 tui

88 1101 317 1170 familiarissimi
338 1104 456 1170 iudicio
479 1123 518 1168 ae
540 1104 682 1189 periculo
705 1107 799 1170 tuum
817 1104 938 1168 crimen
957 1125 1031 1169 con·

88 1189 271 1277 iungeretur,
292 1195 331 1258 ut
351 1193 445 1277 potui
467 1192 705 1258 accuratissime
727 1196 760 1257 te
782 1194 935 1276 tuamque
959 1212 1031 1256 cau-

89 1299 144 1342 sam
163 1284 291 1346 tutatus
314 1302 385 1346 sum
412 1283 446 1346 et
466 1281 611 1365 proxime
638 1281 760 1365 recenti
786 1281 927 1346 adventu
950 1301 1031 1364 mee,

89 1387 180 1449 quum¹
197 1390 269 1434 rem
296 1369 391 1435 aliter
420 1369 605 1438 institutam
633 1369 850 1454 offendissem,
882 1391 919 1434 ac
951 1369 1031 1434 mihi

88 1455 261 1542 placuisset,
284 1458 313 1522 si
335 1457 512 1543 affuissem,
533 1461 643 1523 tamen
664 1459 756 1522 nulla
777 1479 812 1522 re
836 1459 933 1523 saluti
954 1461 1030 1524 tuae

88 1541 174 1629 defui,
201 1568 366 1631 quumque
393 1568 432 1612 eo
458 1550 604 1632 tempore
630 1546 752 1612 invidia
779 1569 941 1630 annonae,
970 1547 1031 1611 ini-

88 1632 150 1697 mici
165 1655 235 1700 non
253 1636 359 1700 solum
376 1635 434 1719 tui,
452 1656 563 1700 verum
582 1635 680 1699 etiam
697 1635 875 1700 amicorum
891 1639 1031 1720 tuorum,

88 1719 228 1806 iniquitas
260 1723 361 1788 totius
388 1723 499 1788 iudicii
529 1724 694 1809 multaque
721 1724 786 1788 alia
814 1724 1031 1809 reipublicae

88 1808 154 1874 ritia
183 1811 258 1896 plus
291 1833 388 1896 quam
415 1833 513 1876 eausa
539 1812 611 1896 ipsa
637 1813 820 1896 veritasque
845 1813 1031 1898 veluissent,

88 1893 189 1965 Publio
216 1903 275 1966 tuo
307 1921 411 1985 neque
439 1921 538 1986 opera
564 1922 668 1985 neque
696 1901 831 1967 consilio
858 1923 962 1985 neque
984 1901 1030 1965 la-

89 1983 153 2052 bore
175 2009 279 2074 neque
303 1989 410 2074 gratia
435 2011 540 2073 neque
562 1989 748 2055 testimonio
771 1989 868 2055 defui.
913 1989 1064 2065 Quam-3

89 2073 185 2140 obrem
214 2077 365 2142 omnibus
393 2076 509 2142 officiis
540 2078 700 2143 amicitiae
729 2076 901 2162 diligenter
932 2100 952 2141 a
979 2099 1029 2142 me

89 2167 248 2250 anumque
271 2165 405 2230 servatis
427 2187 469 2230 ne
491 2166 554 2232 hoc
568 2165 696 2250 quidem
709 2165 1030 2250 praetermittendum

89 2271 147 2316 esse
168 2253 256 2338 duxi,
278 2257 312 2318 te
334 2257 372 2318 ut
392 2253 541 2319 hortarer
562 2275 787 2339 rogeremque,
812 2256 851 2319 nt
874 2257 907 2318 et
928 2254 1029 2319 homi·
1091 2269 1092 2274 ’

89 2357 153 2404 nem
167 2345 199 2407 te
218 2345 252 2407 et
269 2343 375 2407 virum
394 2363 462 2408 esse
480 2341 690 2427 meminisses,
707 2343 741 2407 id
760 2345 817 2428 est,
839 2345 877 2407 ut
894 2345 928 2407 et
945 2363 1029 2408 com·

88 2445 205 2496 munem
240 2429 462 2515 incertumque
499 2453 622 2515 casum,
658 2452 753 2515 quem
788 2453 893 2516 neque
928 2432 1029 2497 vitare

89 2516 244 2603 quisquam
265 2522 415 2584 nostrum
436 2540 497 2584 nec
518 2523 683 2604 praestare
705 2521 772 2586 ullo
795 2524 890 2604 pecto
913 2524 1030 2606 potest,

89 2607 234 2688 sapienter
256 2608 358 2672 ferres
381 2610 414 2672 et
428 2607 541 2676 ,dolori
566 2607 695 2673 fortiter
716 2630 754 2673 ac
780 2608 930 2674 fortunae
953 2610 1029 2675 reri·

89 2694 175 2760 steros
201 2697 425 2782 cogitaresque
454 2699 486 2761 et
512 2697 549 2760 in
569 2700 683 2762 nostra
706 2697 835 2762 civitate
863 2700 896 2762 et
922 2698 958 2762 in
980 2719 1029 2762 ce·

88 2780 165 2869 teris,
194 2806 279 2870 quae
304 2806 412 2850 rerum
442 2784 566 2869 potitae
593 2789 682 2870 aunt,
709 2786 819 2852 multis
846 2785 1029 2852 fortissimis

89 2871 171 2954 atque
193 2873 325 2958 optimis
347 2873 425 2938 viris
447 2873 576 2938 iniustis
602 2873 729 2938 iudiciis
756 2874 838 2940 tales
865 2895 958 2942 casus
980 2876 1028 2940 in·

90 2956 197 3027 cidisse.
240 2961 328 3027 Illud
349 2961 475 3027 utinam
502 2983 543 3027 ne
570 2983 645 3027 rere
668 2963 852 3049 scriberem,
879 2985 917 3030 ea
938 2967 972 3028 te
994 2986 1029 3028 re

90 3047 202 3127 publica
223 3071 347 3135 cerere,
372 3051 408 3115 in
435 3072 499 3135 qua
525 3051 687 3116 neminem
709 3051 900 3135 prudentem
926 3052 1029 3117 homi·

90 3153 152 3201 nem
171 3160 220 3204 res
243 3140 311 3204 ulla
332 3139 482 3204 delectet!
527 3137 577 3204 De
599 3144 657 3205 tuo
680 3143 788 3206 autem
810 3141 886 3223 filio,
908 3161 1065 3224 vercona

90 3241 135 3306 ne,
159 3227 186 3292 si
209 3226 292 3312 nihil
315 3227 356 3292 ad
377 3231 410 3300 te
434 3228 629 3313 scripserim,
656 3228 799 3298 debitum
826 3229 894 3293 eius
917 3227 1028 3294 virtuti
1135 3309 1138 3316 ,

91 3310 184 3380 ridear
203 3316 426 3382 testimonium
448 3337 517 3382 non
539 3316 677 3403 dedisse,
706 3319 757 3384 sin
780 3320 888 3382 autem
910 3317 1028 3402 omnia,

94 3519 197 3662 vogdp‘
218 3531 259 3594 l'l,
273 3532 297 3580 2.
335 3541 420 3598 quaen
438 3526 482 3581 rur·
498 3514 586 3618 semel.
607 3525 681 3596 (W).
727 3542 810 3595 quum
832 3527 863 3579 iu
881 3527 925 3579 tui
941 3527 962 3592 f.
981 3527 1028 3594 M,

763 3684 816 3736 10*
