2646 3990
405 255 665 312 ansromaun
683 257 757 313 mn.
776 265 889 314 ar-aa
1057 255 1123 324 439
1149 343 1153 350 ν

167 409 275 468 tamen
298 421 370 466 mea
393 401 671 468 commendatione
691 403 812 487 aliquid
831 403 1022 468 accessionis
1044 402 1123 468 fore.

164 491 218 558 Me
242 490 371 575 quidem
390 512 489 574 quum
506 489 623 554 Manlii
642 491 855 576 familiaritas,
877 495 948 556 tum
965 489 1123 556 Varronis

165 579 309 646 studium
341 579 526 662 commovit,
557 582 595 644 ut
626 580 667 644 ad
696 583 729 644 te
756 602 853 664 quam
885 580 1123 644 accuratissime
1151 653 1155 658 q

166 668 346 733 scriberem.
383 665 608 732 Gratissimum
630 669 731 754 igitur
753 668 834 734 mihi
851 668 974 752 feceris,
997 668 1025 732 si
1046 667 1159 733 huicr

167 755 439 822 commendationi
457 777 547 820 meae
567 758 696 822 tanturn
713 757 874 842 tribueris,
896 759 1054 841 quantum
1073 757 1125 821 eui

166 845 309 910 tribuisti
339 844 541 930 plurimum,
558 844 592 908 id
624 849 686 930 est,
719 846 747 910 ai
778 845 814 910 Τ.
837 843 996 910 Manlium
1027 867 1125 929 quam

166 931 318 1018 maxime,
344 933 598 1018 quibuscumque
629 934 725 998 rebus
752 933 890 999 honeste
917 953 954 998 aa
981 955 1040 1018 pro
1067 937 1125 998 tua

166 1022 325 1108 dignitate
348 1022 478 1106 poteris,
500 1021 619 1087 iuveris
638 1025 734 1106 atque
753 1023 927 1107 ornaveris,
950 1043 990 1086 ex
1008 1022 1124 1106 ipsius-

167 1132 229 1194 que
252 1113 419 1194 praeterea
442 1111 634 1196 gratissimis
662 1115 695 1175 et
716 1110 957 1176 humanissimis
980 1110 1124 1176 moribus

167 1197 323 1264 confimo
345 1199 406 1263 tihi
427 1202 461 1263 te
483 1219 570 1283 eum,
593 1219 689 1283 quom
712 1200 795 1265 soles
817 1200 960 1265 fructum
982 1221 1002 1264 a
1024 1199 1124 1265 bono·
1171 1265 1174 1270 .

166 1309 239 1352 rum
261 1288 403 1353 virorum
426 1287 541 1352 officiis
565 1291 758 1373 exspectare,
781 1309 850 1354 esse
872 1292 1051 1374 capturum.

580 1479 704 1548 XXIII.

422 1590 481 1648 Ber.
509 1593 614 1650 Itomae
643 1611 668 1650 a.
697 1613 723 1650 n.
752 1612 775 1650 c.
804 1601 863 1651 708.

457 1715 586 1774 CICERO
605 1717 737 1774 SERVIO
755 1717 832 1774 SAL.

233 1813 270 1882 L.
293 1813 454 1894 Cossinio,
483 1819 643 1883 amicost
663 1817 775 1884 tribuli
798 1839 884 1902 meo,
911 1817 1005 1882 valde
1031 1817 1158 1882 fami-¹

167 1904 289 1970 liariter
311 1908 399 1990 ut0r3
421 1927 498 1970 nam
521 1910 555 1971 et
576 1907 662 1971 inter
682 1909 811 1972 nosmet
829 1908 917 1992 ipsos
935 1910 1028 1971 retus
1047 1925 1125 1970 usus

167 1993 337 2058 intercedit
354 1998 386 2059 ot
399 1993 528 2060 Atticus
546 1999 659 2060 noster
676 1995 832 2060 maiorem
846 1995 944 2059 otiam
957 1994 1038 2058 mihi
1051 2013 1125 2059 cum

167 2079 315 2148 Cossinio
343 2083 608 2148 consuetudinem
630 2084 721 2168 fecii,
748 2084 857 2167 itaque
887 2086 959 2148 tota
985 2080 1125 2148 Oossinii

163 2170 283 2236 domus
301 2191 353 2236 rna
372 2172 479 2256 diligit
496 2173 532 2236 in
550 2172 725 2256 primisque
743 2171 878 2236 libertus
896 2171 975 2254 eius,
993 2169 1029 2235 L.
1048 2169 1125 2236 Cos·

163 2258 270 2323 sinius
284 2258 472 2344 Anchialus,
489 2260 588 2326 homo
606 2264 639 2325 et
657 2263 795 2344 patrono
814 2262 847 2324 et
864 2260 995 2344 patroni
1014 2261 1124 2324 neces·

168 2347 271 2432 sariis,
284 2370 347 2432 quo
362 2349 398 2412 in
410 2366 545 2414 numero
565 2369 625 2435 ego
644 2369 726 2434 sum,
739 2347 995 2433 probatissimus.
1026 2347 1124 2413 Hunc
1142 2363 1158 2411 a

159 2431 228 2499 cibi
245 2435 293 2500 ita
310 2437 509 2521 commendo,
526 2441 572 2522 ut,
590 2438 726 2503 sihneus
744 2435 877 2503 hhertua
896 2440 984 2502 esset
999 2437 1123 2502 ecdem·

167 2545 229 2608 que
248 2525 339 2609 apud
365 2547 417 2590 me
444 2526 516 2591 loco
539 2530 636 2610 esset,
664 2547 728 2612 quo
756 2530 807 2591 est
833 2526 920 2612 apud
948 2543 1042 2591 suum
1068 2545 1124 2610 pa·

166 2616 312 2698 tronum,
337 2614 464 2680 ‘maiore
497 2614 603 2681 studio
636 2615 860 2680 commendare
891 2635 960 2680 non
986 2634 1124 2699 possem.

168 2699 273 2776 Quare
288 2706 483 2787 -pergratum
505 2704 586 2768 mihi
606 2703 731 2786 feceris,
754 2704 782 2768 si
804 2723 877 2767 eum
894 2704 930 2766 in
950 2703 1125 2767 amicItiam

166 2792 236 2852 tum
263 2791 421 2874 receperis
450 2795 546 2876 atque
568 2808 656 2876 eum,
684 2790 770 2874 quod
797 2795 867 2854 sine
896 2791 1045 2855 molestia
1065 2795 1124 2854 tna

166 2876 233 2962 fiat,
255 2878 284 2942 si
307 2899 370 2962 qua
392 2879 428 2944 in
449 2899 484 2943 re
504 2899 585 2964 opus
603 2879 633 2943 ei
650 2879 756 2962 fuerit,
778 2877 910 2942 iuveris:
932 2878 966 2942 id
989 2879 1124 2944 etmihi
1255 2921 1258 2927 -

166 2965 373 3031 vehementer
400 2971 529 3052 gratum
556 2966 619 3031 erit
645 2970 678 3032 et
708 2966 769 3031 tibi
795 2969 910 3050 postea
935 2967 1123 3051 iucundum3

166 3052 332 3120 homlnem
354 3055 441 3120 enim
458 3075 586 3120 summa
603 3055 774 3140 probitate,
795 3055 997 3121 humanitate
1016 3054 1123 3119 obser·

166 3143 338 3230 ventisque
361 3161 545 3248 cognosces.

236 3369 288 3442 Ep.
303 3377 347 3441 23,
362 3377 386 3428 1.
413 3372 512 3427 tribuli
529 3388 585 3427 mco
604 3353 657 3440 (cd.
672 3357 766 3440 Basil,
780 3370 832 3440 Ia).
867 3374 886 3425 t.
906 3372 954 3423 tuo
971 3367 1017 3436 M,
1028 3367 1121 3440 vulgo.
