2556 3986
226 99 244 139 ἓ
343 147 344 150 ,

234 245 299 310 502
516 245 554 302 Μ.
573 245 696 300 TULLII
714 243 906 300 CICERONIS

233 392 328 477 regni
349 389 430 456 mihi
452 390 676 456 commendata
707 393 792 454 esset
822 412 843 454 a
869 389 975 472 robis,
1004 389 1148 472 diceret,
1178 390 1204 453 si

200 479 312 564 aquid
343 479 449 545 vellat.
499 477 587 554 Quae
620 499 719 562 quum
750 499 853 544 essem
884 479 920 542 in
951 477 1091 543 consilio
1126 500 1204 542 meo
1258 519 1259 544 l

235 591 308 634 cum
334 588 410 653 rege
437 568 578 651 loeutus,
610 567 703 632 initio
726 567 781 632 ille
809 566 965 631 orationis
995 587 1075 630 suae
1104 567 1205 630 vobis
1258 545 1259 632 l

234 657 400 740 maximas,
422 659 461 721 ut
482 655 601 739 debuit,
624 654 738 720 deinde
757 655 854 720 etiam
871 655 952 718 mihi
975 655 1102 740 gratias
1122 656 1206 739 egit,

220 745 321 832 quod
354 745 383 808 ei
413 765 627 829 permagnum
656 747 692 808 et
721 743 991 827 perhonorificum
1023 743 1206 807 videbatur

235 833 363 899 senatui
385 834 569 917 populoque
592 832 741 898 Romano
763 835 874 896 tantae
895 851 992 896 curae
1015 852 1089 896 esse
1114 833 1205 896 salu·

235 927 302 988 tem
326 943 417 986 suam
444 942 558 1006 meque
584 924 712 986 tantam
734 921 935 1006 diligentiam
962 917 1137 1004 adhibere,
1168 925 1206 985 ut

235 1014 269 1075 et
290 1032 363 1075 mea
384 1009 464 1075 fides
492 1015 525 1074 et
545 1009 836 1074 commendationis
862 1011 988 1073 vestrae
1015 1009 1205 1074 auctoritas

235 1099 373 1185 perspici
395 1102 514 1184 posset
558 1097 667 1182 Atque
689 1097 744 1162 ille
766 1098 884 1182 primo,
913 1097 1000 1181 quod
1023 1096 1108 1161 mihi
1132 1119 1204 1165 ma-

234 1189 339 1252 ximae
362 1187 504 1252 laetitiae
525 1186 598 1271 fuit,
619 1188 667 1251 ita
688 1207 814 1250 meeum
832 1185 958 1251 locutus
981 1189 1039 1269 est,
1062 1189 1105 1250 ut
1127 1187 1202 1264 nul-

234 1277 284 1342 las
310 1276 443 1341 insidias
470 1296 575 1360 neque
601 1275 686 1340 vitae
714 1297 790 1340 suae
813 1295 917 1360 neque
943 1295 1045 1360 regno
1075 1273 1202 1339 diceret

236 1385 271 1430 se
294 1367 351 1431 aut
371 1364 553 1450 intelligere
574 1363 645 1428 fieri
671 1364 849 1429 autetiam
876 1363 1041 1447 suspicari.
1090 1361 1201 1438 Quum

236 1473 298 1536 ego
320 1453 351 1518 ei
373 1453 554 1537 gratulatus
577 1473 680 1517 essem
697 1452 793 1536 idque
811 1473 863 1517 me
882 1452 1020 1538 gaudere
1040 1445 1200 1517 dixissem

148 1605 154 1618 ,
236 1541 437 1624 cohortatus,
463 1544 502 1604 ut
527 1541 748 1606 recordaretur
780 1561 890 1606 casum
921 1541 1013 1605 illum
1041 1539 1200 1605 interitus

236 1629 363 1714 paterni
394 1632 427 1692 et
457 1629 630 1714 vigilanter
661 1651 696 1694 se
726 1632 872 1694 tueretur
899 1631 995 1714 atque
1023 1629 1199 1695 admonitu

238 1721 369 1782 senatus
393 1719 574 1783 consuleret
596 1717 693 1783 saluti
716 1739 806 1802 suae,
832 1721 903 1782 tum
930 1723 1022 1782 ame
1046 1717 1200 1782 discessit

202 1819 218 1866 e
236 1807 272 1870 in
290 1806 443 1892 oppidum
462 1804 619 1891 Cybistra.
654 1805 789 1872 Postero
808 1810 917 1872 autem
939 1806 1083 1871 dietum
1105 1806 1199 1871 Aria·

235 1895 337 1980 rethe,
358 1895 459 1960 fratre
483 1917 551 1978 suo,
573 1899 607 1959 et
629 1915 702 1960 eum
723 1895 868 1979 paternis
887 1895 997 1959 amicis
1015 1895 1198 1960 maioribus

235 1987 316 2048 natu
339 1984 380 2048 ad
402 2005 454 2048 me
476 1984 514 2060 in
534 1986 640 2048 eastra
656 1984 747 2048 venit
763 1983 1033 2068 perturbatusque
1052 1986 1087 2047 et
1105 1983 1199 2066 tiene,

236 2085 344 2156 quum¹
356 2072 443 2137 idem
465 2075 499 2137 et
520 2072 621 2136 frater
642 2072 763 2136 faceret
785 2075 819 2136 et
837 2072 940 2157 amici,
962 2093 1068 2136 meam
1088 2071 1199 2156 fidem,

235 2164 377 2226 vestram
399 2161 711 2227 commendationem
732 2161 905 2245 implorare
928 2160 1043 2244 coepit.
1086 2159 1199 2236 Quum

237 2248 424 2334 admirarer,
445 2249 523 2335 quid
547 2248 715 2314 accidisset
735 2249 826 2332 novi,
848 2247 930 2314 dixit
951 2249 993 2314 ad
1015 2269 1050 2313 se
1073 2249 1198 2314 indicia

138 2414 141 2420 ¹
235 2338 481 2402 manifestarum
507 2337 698 2403 insidiarum
724 2359 794 2402 esse
822 2337 941 2421 delata,
972 2359 1055 2422 quae
1085 2343 1199 2402 essent

236 2429 312 2490 ante
344 2426 518 2490 adventum
549 2447 657 2491 meum
688 2426 861 2509 occultata,
893 2426 979 2511 quod
1000 2427 1038 2510 ii,
1071 2427 1131 2510 qui
1160 2449 1198 2491 ea

236 2513 418 2598 patefacere
440 2516 582 2598 possent,
603 2518 736 2599 propter
758 2518 879 2580 metum
905 2515 1126 2599 reticuissent3
1159 2537 1197 2580 eo

237 2603 345 2665 autem
367 2604 512 2685 tempore
530 2623 587 2687 spe
600 2603 664 2666 mei
681 2603 833 2686 praesidii
846 2604 1026 2690 complures
1044 2623 1092 2686 ea,
1113 2625 1197 2688 quae

237 2689 370 2775 scirent,
397 2689 549 2755 audacter
571 2690 613 2755 ad
636 2712 669 2756 se
693 2691 857 2775 detulisse3
885 2691 921 2757 in
943 2691 983 2756 iis
1010 2693 1197 2756 amantissi-

236 2799 325 2842 mum
347 2779 410 2863 sui,
434 2801 560 2846 summa
585 2779 705 2864 pietate
727 2780 909 2865 praeditum
930 2780 1065 2844 fratrem
1088 2780 1196 2846 dicere

237 2887 446 3019 sollieodtaddld
467 2868 903 3042 dlsdefwrltqlddgdsarduddlldttl
928 2869 1063 3022 ddedddlr
1079 2891 1194 3022 druell

306 3163 358 3233 Ep.
378 3169 403 3230 2,
418 3167 442 3218 5.
475 3163 603 3219 dixissem
620 3166 784 3231 cohortatus,
801 3171 834 3219 at
852 3165 908 3234 (lt,
922 3165 1027 3236 vulgo).
1064 3165 1092 3220 d.
1107 3167 1150 3203 **
1163 3185 1192 3234 a,

235 3239 268 3288 ut
282 3235 325 3301 (ut
338 3233 472 3290 exciderit
484 3240 511 3289 ct
523 3239 613 3290 maaca
626 3237 816 3291 adolescentem
830 3251 918 3302 mecm,
932 3235 1008 3305 quod
1022 3235 1192 3294 addiderunt

236 3305 278 3359 od.
289 3304 355 3371 ΕΜ,
365 3304 423 3358 Pal.
435 3313 459 3373 6,
473 3305 606 3374 Hittorp.,
622 3305 679 3374 alii,
693 3307 739 3361 vel
753 3323 864 3377 eamque
877 3311 987 3376 ersom?
1010 3308 1096 3362 And.
1111 3323 1134 3362 c.
1144 3312 1161 3347 ⁸
1170 3311 1191 3376 ⁸,

236 3381 283 3440 ut,
301 3377 335 3429 ut
352 3375 438 3430 luent
459 3377 486 3431 d.
505 3378 711 3446 cohortatusque
732 3393 792 3431 eum
814 3393 907 3445 essem,
930 3383 962 3432 at
985 3377 1070 3447 (W.)l
1111 3378 1153 3444 d„
1171 3396 1191 3434 a

236 3460 304 3512 eam,
321 3451 354 3500 at
371 3446 402 3499 B.
444 3453 469 3500 6.
497 3447 585 3500 dicere
603 3475 637 3486 --
655 3459 689 3500 ea
710 3463 780 3516 qaae
804 3463 846 3504 me
867 3463 971 3518 qaoque
992 3450 1017 3502 ts
1040 3450 1105 3503 aad.
1124 3451 1190 3505 dioe-

237 3514 284 3568 bat
302 3537 349 3570 -.·
366 3533 394 3570 ae
413 3516 488 3583 (W.).
523 3533 564 3570 ore
586 3517 731 3584 equoque
749 3535 774 3572 a.
793 3517 831 3572 Μ.
871 3520 898 3574 d.
917 3535 962 3585 ea,
985 3536 1010 3588 q.
1028 3520 1054 3574 ia
1071 3535 1191 3590 meque

236 3601 286 3654 que
303 3603 329 3640 a.
347 3587 384 3651 d,
402 3602 428 3640 ee
446 3584 508 3640 edd.
527 3587 604 3652 vett,
623 3585 668 3638 W.
688 3586 764 3655 olim,
783 3587 815 3642 Β.
