2578 3978
358 233 616 290 EPISTOLARUM
635 237 655 289 l.
675 241 700 290 4.
721 240 744 289 5.
1013 233 1032 296 7

85 399 195 443 summo
228 378 344 445 dolore
372 379 528 444 eiusmodi
554 382 701 463 tempora
732 381 808 463 post
837 381 928 442 tuam
959 399 1033 462 pro·

84 466 244 532 sectionem
268 471 447 532 consecuta
469 488 546 552 esse,
569 470 606 531 ut
628 471 662 531 et
679 488 785 531 meam
802 470 836 530 et
854 469 1033 531 ceterorum

83 574 149 638 erge
170 558 202 619 te
224 555 328 620 fidem
355 558 388 620 et
414 555 671 620 benevolentiam
699 556 815 620 absens
843 555 1033 638 experirere:

82 646 109 704 te
128 643 232 708 videre
256 647 293 708 et
316 643 436 708 sentire
458 644 592 708 eandem
609 644 706 708 fidem
724 665 793 708 esse
810 643 978 708 hominum
998 643 1034 706 iu

83 733 131 793 tua
151 731 325 816 dignitate,
348 753 445 816 quam
468 753 529 816 ego
551 732 587 796 in
609 753 681 796 mea
703 733 810 819 salute
830 752 901 796 sum
924 751 1033 814 exper-

83 821 134 902 tus,
152 840 190 882 ex
207 819 277 884 tuis
297 820 414 884 litteris
427 820 579 884 intellexi.
611 818 680 884 Nos
695 841 794 904 quum
807 820 944 883 maxime
959 839 1033 882 oon·
1051 828 1067 874 2

83 905 144 970 silio
167 907 289 992 studio,
312 907 423 974 labore
441 909 547 994 gratia
566 908 604 974 de
627 929 724 972 eausa
742 908 832 992 regia
849 908 1033 990 niteremur,

84 993 177 1060 subito
202 1000 322 1060 exorta
340 999 390 1060 est
407 996 532 1061 nefaria
550 994 684 1062 Catonis
702 995 928 1080 promulgatio,
951 1016 1033 1078 quae

83 1085 182 1147 nostra
201 1084 316 1148 studia
333 1084 503 1167 impediret
520 1088 553 1149 et
570 1085 696 1150 animos
716 1106 736 1148 a
754 1085 877 1148 minore
897 1104 973 1147 oura
992 1083 1033 1146 ad

84 1190 233 1236 summum
262 1171 415 1236 timorem
441 1171 723 1254 traduceret31ed
749 1175 872 1254 tamen,
903 1171 938 1234 in
965 1171 1033 1234 eius

83 1259 156 1323 uadi
179 1260 430 1343 perturbatione
457 1281 565 1324 rerum
596 1281 790 1344 quamquam
817 1259 927 1324 omnia
958 1262 1035 1322 sunt

84 1348 257 1432 metuenda,
281 1348 364 1412 nihil
386 1349 490 1433 magis
514 1369 610 1432 quam
632 1348 799 1432 perfidiam
819 1347 978 1432 timemus,
1001 1350 1035 1411 et

84 1429 190 1499 Catoni
208 1437 353 1520 quidem,
375 1457 505 1521 quoquo
523 1437 618 1502 modo
638 1458 672 1500 se
690 1457 741 1500 res
758 1434 866 1518 habet,
888 1435 1033 1519 profecto

85 1522 270 1589 resistemus.
308 1523 357 1588 De
375 1523 596 1590 Alexandrina
617 1546 653 1588 re
671 1545 829 1608 causaque
851 1524 942 1608 regia
963 1527 1034 1586 tan·

86 1611 145 1673 tum
165 1611 274 1677 habeo
299 1613 456 1696 polliceri,
483 1609 547 1678 me
562 1613 623 1676 tibi
646 1613 772 1676 absenti
793 1612 921 1695 tuisque
943 1629 1069 1696 prae-a

86 1698 220 1764 sentibus
245 1700 408 1764 cumulate
427 1701 677 1783 satisfacturum,
699 1699 754 1764 sed
777 1720 897 1784 vereor,
918 1721 959 1763 ne
979 1701 1036 1763 aut

87 1785 230 1868 eripiatur
259 1810 358 1852 eausa
385 1789 474 1873 regia
497 1788 590 1854 nobis
613 1792 671 1852 aut
693 1788 869 1872 deseratur,
898 1808 1035 1871 quorum

87 1875 183 1938 utrum
205 1877 317 1940 minus
340 1877 449 1959 velim,
476 1898 544 1943 non
565 1877 659 1940 facile
686 1897 817 1960 possum
840 1876 1035 1958 existimaro;

88 1960 142 2044 sed,
163 1963 190 2026 si
217 1985 271 2028 res
301 1968 409 2050 coget,
436 1968 486 2028 est
513 1964 664 2049 quiddam
690 1965 835 2048 tertium,
863 1965 948 2048 quod
975 1984 1035 2028 neo

90 2045 119 2120 Q·
143 2047 259 2117 Selicio
287 2072 348 2116 neo
379 2052 460 2116 mihi
491 2052 693 2136 displicebat,
725 2055 763 2115 ut
793 2073 897 2135 neque
931 2054 1035 2116 iaoere

88 2135 211 2222 tregem
229 2143 416 2224 pateremur
433 2161 493 2204 nee
511 2141 605 2205 nobis
627 2140 884 2225 repugnantibus
903 2140 944 2202 ad
961 2160 1036 2203 eum

89 2222 206 2310 deferri,
240 2227 283 2292 ad
311 2250 406 2312 quem
438 2250 538 2312 prope
565 2229 630 2292 iam
658 2228 799 2292 delatum
826 2225 1035 2290 existimatur.

90 2309 221 2380 Anobis
242 2320 381 2400 agentur
399 2317 508 2382 omnia
526 2317 705 2401 diligenter,
727 2319 765 2380 ut
781 2337 894 2400 neque,
912 2314 941 2378 si
959 2313 1035 2398 quid

92 2397 219 2466 obtineri
242 2405 371 2489 poterit,
392 2425 460 2469 non
479 2405 710 2470 contendamus
728 2425 796 2486 neo,
819 2404 847 2467 si
870 2403 945 2487 quid
968 2423 1036 2467 non

91 2486 322 2576 obtinuerimus,
340 2493 461 2576 repulsi
480 2513 548 2557 esse
566 2492 743 2557 videamur:
764 2495 840 2555 tuae
859 2492 1070 2575 sapientiaee

93 2578 377 2672 magnitudinisque
400 2581 500 2644 animi
518 2584 568 2645 est
586 2600 714 2644 omnem
737 2578 980 2662 amplitudinem
1003 2582 1036 2644 et
1093 2621 1095 2626 -

92 2660 273 2746 dlgnitatem
299 2671 389 2732 tuam
419 2669 456 2732 in
481 2669 600 2732 virtute
627 2671 724 2751 atque
749 2667 786 2730 in
812 2667 908 2731 rebus
935 2667 1035 2752 gestis

93 2751 148 2815 tuis
168 2759 265 2839 atque
287 2755 322 2819 in
348 2761 407 2821 tua
434 2757 593 2842 gravitate
619 2755 759 2840 positam
786 2755 980 2838 existimare,
1008 2756 1035 2819 si

94 2839 159 2918 quid
176 2863 214 2906 ex
231 2843 272 2908 iis
290 2844 395 2928 rebus,
417 2866 497 2929 quas
515 2844 576 2909 tibi
593 2843 726 2909 fortuna
742 2843 861 2927 largita
879 2845 936 2928 est,
953 2864 1034 2909 non·

94 2927 243 2996 nullorum
273 2931 443 2998 hominum
473 2931 607 3017 perfidia
638 2931 824 3013 detraxerit,
856 2930 890 2995 id
921 2931 1035 2997 maiori

117 3203 122 3215 ,
154 3135 203 3208 Ep.
226 3146 250 3196 5.
266 3156 291 3195 a.
314 3147 339 3194 2.
380 3142 532 3196 resistemus
555 3141 617 3210 (a).
658 3141 808 3196 resistimus
830 3140 895 3196 ΜΒ.
936 3147 960 3196 3.
984 3140 1034 3194 eri·

96 3209 180 3287 vtetur
203 3226 286 3266 eausa
310 3213 387 3280 reple
412 3212 470 3280 (Μ).
515 3229 552 3267 er.
579 3211 612 3337 qq
633 3209 669 3282 a]
697 3210 785 3278 Man,
808 3211 839 3264 B.
868 3241 902 3251 -
928 3223 977 3264 neo
1002 3209 1034 3278 Q.

96 3270 182 3332 Satrio
204 3281 244 3347 (B.
263 3280 354 3351 coni).
391 3297 475 3351 aeque
498 3282 526 3337 S.
549 3282 579 3336 M
609 3325 614 3336 .
638 3311 674 3322 -
699 3282 787 3336 iecere
804 3285 918 3349 heyam
997 3280 1035 3351 qd

98 3357 147 3424 ‘lm
163 3349 261 3416 deferri
341 3352 459 3407 delutum
479 3352 587 3422 (MW.).
619 3353 638 3406 ι’.
657 3367 744 3421 repam
824 3353 861 3405 ad
879 3365 939 3404 eum
956 3363 1034 3417 rsepo-

97 3416 155 3470 bam
172 3421 269 3486 deseres¹
349 3423 468 3480 delatam
486 3423 552 3490 (W.)
575 3424 625 3476 aut
641 3423 660 3476 i.
679 3437 766 3490 repam
846 3421 884 3474 od
902 3424 1034 3474 cumeum

98 3482 141 3549 des·
159 3489 211 3555 (vel
227 3492 254 3546 d.
272 3495 338 3562 ran)
419 3493 511 3548 delata
529 3492 604 3560 (W.).
640 3493 660 3546 ἰ.
678 3507 734 3546 rem
814 3489 851 3544 od
869 3505 929 3543 eam
946 3489 973 3544 d.

99 3552 176 3613 delata
193 3561 415 3633 (llartyni-Lag,
433 3563 484 3632 Β.).
