2556 3986
246 209 312 275 560
398 159 404 173 ’
529 208 567 264 u.
587 183 710 263 aaran
728 207 919 264 erouaoius

247 357 353 420 aetate
375 355 520 439 praestat
542 351 684 436 Tubero,
715 373 811 436 quom
842 374 903 438 ego
933 354 1099 439 arbitror,
1129 377 1219 440 prae-

247 443 358 508 sertim
381 457 480 526 quum
503 441 623 506 scribat
644 439 826 525 historiam,
852 443 974 506 multos
998 465 1041 506 ex
1065 444 1142 508 suis
1167 467 1219 508 au-

246 530 375 596 nalibus
397 551 492 614 posse
515 530 668 614 deligere,
690 551 771 614 quos
794 529 871 594 velit
893 533 926 594 et
948 531 1059 615 possit
1084 533 1218 616 imitari

246 618 394 684 Allienus
418 622 525 682 autem
547 621 659 682 noster
681 620 731 682 est
752 639 851 702 quum
874 618 983 683 animo
1012 623 1049 684 et
1073 619 1217 686 benevo-

246 709 356 790 lentia,
374 710 444 770 tum
462 727 537 771 vero
557 707 654 770 etiam
672 706 852 771 imitatione
870 707 1013 790 vivendi3
1037 730 1128 772 nam
1143 711 1217 794 quid

247 817 308 881 ego
337 795 376 860 de
399 792 543 859 Gratidio
567 793 693 858 deam?
721 817 816 878 quem
843 798 928 860 certe
951 795 1019 860 scio
1049 797 1104 860 ita
1129 799 1214 863 labo-

247 905 318 947 rare
346 883 385 947 de
412 883 648 947 existimatione
676 905 747 967 sua,
775 886 814 946 ut
838 885 971 968 propter
998 905 1160 950 amorem
1185 889 1214 951 in

204 956 308 1037 ¹¹nos
330 971 510 1036 fraternum
537 971 635 1035 etiam
663 970 701 1035 de
730 975 843 1036 nostra
868 972 1001 1036 laboret.
1051 972 1214 1048 Quaesto-

247 1081 315 1124 rem
346 1059 446 1124 habes
482 1080 551 1124 non
585 1062 643 1124 tuo
675 1059 792 1124 iudicio
825 1059 996 1144 delectum,
1034 1063 1098 1126 sed
1136 1087 1213 1147 eum,

248 1170 343 1232 quem
366 1170 435 1212 sors
459 1148 559 1212 dedit:
588 1148 675 1212 hune
695 1149 831 1231 'oportet
857 1152 890 1211 et
912 1169 971 1212 sua
993 1154 1123 1232 sponte
1149 1175 1213 1218 esse

247 1237 447 1301 moderatum
475 1239 508 1300 et
532 1236 598 1300 tuis
624 1235 781 1300 institutis
809 1257 847 1300 ac
872 1237 1055 1320 praeceptis
1087 1240 1211 1305 obtem-

247 1346 369 1408 perare.
406 1323 549 1400 Quorum
568 1325 596 1388 si
613 1325 685 1408 quis
702 1323 786 1388 forte
809 1328 894 1388 esset
912 1325 1085 1412 sordidior,
1111 1329 1211 1394 ferres

248 1416 395 1495 eatenus,
422 1413 528 1495 quoad
550 1433 608 1496 per
631 1433 664 1477 se
686 1413 867 1498 negligeret
889 1433 943 1478 eas
964 1413 1067 1498 leges,
1092 1419 1210 1501 quibus

247 1503 333 1564 esset
360 1501 524 1584 astrictus,
555 1523 623 1566 non
649 1504 686 1566 ut
712 1522 751 1565 ea
776 1504 950 1586 potestate,
977 1523 1080 1584 quam
1112 1509 1154 1570 tu
1177 1507 1210 1570 ad

248 1588 439 1673 dignitatem
465 1589 678 1674 permisisses,
707 1590 748 1654 ad
771 1592 940 1673 quaestum
963 1593 1135 1678 uteretur3
1163 1617 1211 1659 ne

248 1697 309 1762 que
341 1676 428 1741 enim
458 1677 538 1742 mihi
570 1697 647 1742 sane
674 1678 792 1762 placet,
824 1679 1013 1762 praesertim
1042 1701 1156 1764 quum
1182 1684 1210 1748 hi

247 1787 352 1831 moros
375 1768 503 1830 tantum
524 1767 589 1830 iam
613 1766 654 1830 ad
675 1767 809 1831 niniiam
827 1767 995 1830 lenitatem
1017 1770 1053 1832 et
1077 1771 1126 1834 ad
1151 1795 1211 1836 am-

246 1854 403 1919 bitionem
424 1854 638 1938 incubuerint,
661 1854 797 1918 serutari
819 1858 852 1918 te
873 1875 984 1920 omnes
1007 1857 1141 1942 sordes,
1165 1883 1210 1924 ex·

247 1946 354 2007 eutere
380 1965 482 2007 unum
509 1964 667 2026 quomque
695 1964 818 2028 eorum,
850 1943 919 2027 sed,
948 1947 1075 2027 quanta
1104 1949 1156 2012 sit
1182 1951 1211 2012 in
1259 1989 1260 1992 =

247 2053 374 2116 quoque
405 2031 498 2114 fides,
528 2034 656 2095 tantum
688 2032 801 2115 auique
833 2031 1042 2096 committere.
1098 2035 1211 2121 Atque
1259 2055 1260 2112 ς

246 2120 331 2183 inter
352 2119 413 2184 bos
438 2141 503 2203 eos,
526 2123 613 2204 quos
628 2119 690 2182 tibi
712 2119 844 2184 comites
865 2122 900 2184 et
917 2119 1085 2186 adiutores
1110 2145 1211 2211 nego·

247 2209 366 2272 tiorum
388 2208 591 2292 publicorum
609 2206 697 2271 dedit
714 2208 785 2291 ipsa
801 2229 854 2272 res
875 2207 1012 2292 publica,
1034 2209 1211 2278 dumtaxat

208 2286 366 2392 142finibus
393 2297 433 2360 iis
459 2295 653 2380 praestabis,
676 2318 756 2379 quos
783 2300 859 2360 ante
885 2297 1096 2382 praescripsi,
1130 2324 1211 2386 quos

248 2406 323 2449 vero
352 2387 409 2448 aut
436 2405 474 2448 ex
502 2383 684 2448 domesticis
711 2383 967 2449 convictionibus
994 2388 1053 2449 aut
1083 2409 1126 2452 ex
1160 2413 1210 2455 ne-

248 2472 394 2535 cessariis
428 2471 683 2555 apparitionibus
719 2476 826 2536 tecum
862 2493 930 2538 esse
965 2473 1117 2559 uoluisti,
1160 2481 1210 2563 qui

248 2559 339 2642 quasi
366 2579 406 2622 ex
428 2559 559 2624 cohorte
581 2560 739 2643 praetoris
766 2561 922 2644 appellari
944 2561 1064 2646 solent,
1088 2563 1209 2631 horum

247 2667 314 2712 non
337 2647 432 2714 modo
455 2648 552 2731 facta,
574 2648 630 2712 sed
653 2648 750 2713 etiam
773 2648 859 2712 dieta
878 2649 987 2714 omnia
1006 2656 1209 2732 praestanda

246 2736 341 2802 nobis
374 2740 458 2801 sunt.
517 2733 579 2800 Sed
609 2736 710 2801 habes
742 2758 797 2802 eos
828 2739 948 2820 tecum,
984 2758 1066 2821 quos
1101 2745 1207 2824 possis

246 2829 332 2888 recte
363 2825 519 2890 facientes
550 2824 644 2889 facile
676 2825 826 2910 diligere,
858 2825 964 2890 minus
996 2829 1206 2894 consulentes

181 2941 186 2952 ·
248 2911 477 2976 existimationi
498 2916 574 2978 tuae
600 2913 752 2978 facillime
775 2917 931 2978 coercere:
959 2914 1134 3000 aquibus,
1157 2941 1205 2982 ru-

247 3000 296 3064 dis
320 3021 419 3084 quum
442 3021 536 3084 esses,
557 3001 683 3065 videtur
704 3002 848 3085 potuisse
870 3005 928 3065 tua
948 3001 1130 3068 liberalitas
1157 3008 1204 3070 de

248 3089 324 3173 cipi,
351 3109 441 3170 nam,
468 3089 660 3172 utquisque
683 3089 803 3159 estvir
826 3089 980 3174 optimus,
1007 3090 1054 3154 ita
1078 3093 1204 3158 diffieil-

247 3177 323 3240 lime
355 3197 432 3244 essex
456 3175 536 3240 alios
572 3176 735 3260 improbos
772 3179 966 3261 suspicatum
1001 3200 1092 3244 nune
1128 3205 1202 3247 vero

247 3265 362 3329 tertius
380 3263 433 3329 hic
452 3285 556 3329 annus
573 3265 693 3330 habeat
705 3265 925 3351 integritatem
944 3266 1088 3351 eandem,
1107 3290 1202 3353 quam

318 3470 369 3540 Ep.
391 3477 471 3538 1,10.
507 3471 647 3525 certeseia
673 3471 739 3542 (m).
786 3477 896 3528 certos.
918 3473 949 3528 Β.
998 3479 1040 3534 11,
1066 3475 1203 3532 {cateias

250 3540 306 3606 (M,
324 3541 428 3608 vulgo).
465 3541 512 3594 leo.
531 3539 614 3606 Crat,
632 3540 663 3596 Β.
907 3585 909 3590 ,
942 3573 945 3578 -
