2578 3978
259 191 300 256 18
541 191 578 246 Μ.
598 190 723 246 TULLII
741 189 932 246 CICERONIS

257 357 334 403 vero
356 333 558 420 ulciscendis,
580 357 661 420 quos
683 335 745 400 tibi
766 335 886 419 parlim
904 334 1051 400 inimicos
1074 357 1144 400 esse
1166 337 1219 402 in·

256 424 377 509 telligis
399 426 533 508 propter
553 427 644 488 tuam
663 423 958 508 propugnationem
980 424 1094 489 salutis
1117 445 1218 508 meae,
1278 419 1279 514 1

256 513 377 599 partim
394 512 537 578 invidere
554 514 688 597 propiet
704 511 792 576 illius
811 512 947 577 actionis
970 475 1218 597 amplitudinem

258 604 291 666 el
313 601 459 687 gloriam,
481 599 652 666 mirificum
670 621 720 664 me
738 599 799 664 libi
819 601 969 666 comitem
986 600 1220 686 praebuissem,

258 710 453 774 quemquam
470 688 525 754 ille
543 689 694 774 perennis
711 689 861 754 immicus
880 689 1057 756 amicorum
1075 711 1219 774 snorum,

258 779 314 863 qui
340 778 405 842 luis
434 777 582 842 maximis
610 776 774 842 beneficiis
802 778 973 842 ornatus
963 799 1001 842 m
1026 781 1060 842 ee
1086 779 1220 862 potissi·

257 888 347 931 mum
367 865 505 930 fraciam
530 865 620 930 illam
647 868 681 930 eb
702 864 903 940 debilitatam
928 865 995 930 vim
1022 887 1114 930 suam
1141 887 1221 931 con·
1278 873 1279 948 1

256 955 342 1038 tune,
359 957 505 1020 nostram
522 953 625 1020 vicem
642 955 731 1018 ultus
749 956 799 1018 esl
815 951 885 1038 ipse
903 975 981 1038 sese,
1004 975 1043 1018 ea
1061 957 1111 1018 εει
1129 955 1220 1019 enim
1278 959 1279 1016 l

155 1058 159 1065 '
258 1045 408 1127 conatus,
430 1043 547 1127 quibus
570 1042 741 1127 palafacbis
762 1042 886 1106 nullam
903 1041 971 1107 ‘sibi
992 1042 1028 1106 in
1050 1045 1220 1126 posterum

257 1151 326 1198 non
348 1131 444 1197 modo
467 1131 645 1217 dignitatis,
668 1131 724 1196 sed
746 1152 788 1194 ne
810 1131 968 1195 libcrlalis
991 1131 1122 1215 quidem
1144 1153 1220 1214 per-

222 1223 324 1284 stem
346 1219 485 1304 reliquia
521 1219 567 1284 'l'e
590 1223 708 1303 aulem,
731 1219 792 1282 elsi
813 1219 943 1283 mallem
965 1218 1003 1283 in
1017 1219 1098 1283 meis
1119 1219 1219 1284 rebus

148 1374 155 1394 ,
258 1311 426 1392 expertum
452 1328 550 1392 quam
577 1307 674 1372 eliam
699 1308 735 1370 in
760 1307 840 1390 ιιιιι,
868 1309 979 1372 tamen
1005 1307 1042 1371 in
1067 1307 1220 1372 molestia

258 1396 384 1482 gaudeo
403 1417 475 1460 eam
487 1395 585 1460 fidem
598 1415 756 1480 cognosse
773 1393 942 1460 hominum
955 1395 1084 1461 nonita
1096 1417 1220 1482 magna

258 1483 416 1568 mercede,
444 1505 541 1568 quem
567 1503 629 1585 ego
656 1483 796 1549 maximo
823 1482 934 1548 dolore
961 1503 1150 1568 cognoram3
1178 1485 1219 1549 de

260 1593 324 1656 qua
345 1573 472 1638 ratione
493 1572 596 1638 tota
586 1593 652 1636 ram
674 1572 801 1636 videbar
826 1571 907 1636 mihi
933 1571 1115 1656 exponendi
1136 1575 1219 1638 bem·

259 1683 333 1746 pus
352 1661 435 1744 dari,
463 1660 588 1726 ullibi
619 1661 794 1726 rescribam
821 1660 862 1724 cd
889 1681 940 1744 ec,
969 1681 1052 1744 quae
1080 1661 1219 1744 quaeris.

224 1761 241 1810 4
260 1711 437 1814 Oerliorerrl
454 1751 488 1814 be
505 1770 564 1834 per
580 1749 706 1814 litteras
725 1748 837 1813 scribis
855 1769 924 1813 esse
941 1747 1065 1812 factum
1078 1769 1129 1812 ms
1144 1769 1219 1814 cum

260 1835 397 1902 Caesam
420 1840 453 1902 el
474 1858 548 1902 cum
569 1836 678 1922 Appio
701 1858 770 1902 esse
792 1838 828 1900 in
848 1836 953 1922 gratia
975 1839 1071 1921 teque
1093 1836 1126 1900 id
1149 1858 1220 1902 non

260 1924 491 2010 reprehendere
510 1925 657 2009 ascribis3
679 1925 848 1990 Vatinium
867 1927 975 1988 aulem
993 1925 1074 2000 scire
1087 1927 1121 1988 ee
1135 1925 1218 1989 velle

261 2013 403 2079 ostendis
427 2013 544 2098 quibus
570 1973 666 2079 rebu’s
690 2012 846 2078 adductus
869 2012 1067 2100 defenderim
1092 2015 1127 2076 eb
1149 2012 1220 2077 lau·

261 2102 372 2187 damni,
395 2102 482 2187 quod
504 2103 624 2167 cibit
586 2105 624 2167 ιιι
645 2101 774 2187 planius
797 2097 966 2186 exponam,
987 2100 1085 2165 allius
1106 2102 1219 2184 paullo

260 2191 420 2258 rationem
443 2192 651 2257 consiliorum
673 2193 818 2254 meorum
839 2192 984 2274 repetam
1006 2209 1135 2253 necesse
1160 2195 1219 2254 esl.

261 2279 334 2364 Ego
357 2301 418 2362 me,
440 2278 587 2363 Lentule,
608 2278 702 2343 initio
725 2298 832 2341 rerum
850 2280 946 2361 alque
965 2277 1129 2342 aelionum
1146 2282 1219 2344 tua-

260 2389 334 2433 rum
355 2388 423 2432 non
446 2367 551 2432 solum
573 2365 666 2449 meis,
689 2365 745 2429 sed
768 2365 865 2430 etiam
886 2365 934 2429 rei
955 2365 1104 2449 publicae
1126 2367 1219 2431 resti·

178 2525 181 2531 ,
254 2453 369 2522 ιιιιιιιιι
390 2455 546 2540 putabam
568 2458 609 2538 el,
631 2454 785 2538 quoniam
801 2453 863 2518 tibi
878 2453 1099 2518 incredibilem
1119 2476 1220 2538 quen·

230 2551 235 2570 ⁸
262 2544 338 2610 dam
369 2563 511 2608 amorem
547 2546 581 2606 et
611 2543 721 2607 omnia
750 2543 786 2608 in
816 2545 850 2606 le
884 2541 992 2626 ipsum
1023 2563 1149 2606 summa
1181 2565 1220 2608 ac

263 2631 440 2718 singularia
463 2630 570 2696 studia
592 2630 749 2714 deberem,
770 2630 817 2694 rei
839 2630 1001 2714 publicae,
1024 2634 1160 2715 quaele
1184 2633 1220 2696 in

262 2743 313 2786 me
340 2719 539 2788 restituendo
565 2719 704 2784 multum
731 2718 918 2801 adiuvisset,
949 2739 1023 2782 eum
1054 2722 1139 2783 cerie
1167 2743 1220 2784 me

263 2809 407 2874 animum
420 2808 535 2872 merito
547 2807 650 2892 ipsius
669 2806 783 2872 debere
802 2806 991 2890 arbitrabar,
1009 2827 1104 2890 quem
1121 2811 1221 2873 antea

262 2896 487 2962 banbummodo
519 2895 682 2962 communi
713 2895 820 2959 officio
852 2894 982 2978 civium,
1014 2917 1081 2960 non
1110 2895 1219 2979 aliquo

264 3007 341 3072 erga
368 3008 419 3051 me
442 2985 599 3071 singulari
625 2983 781 3048 beneficio
809 2982 952 3046 debitum
979 2984 1221 3068 praestitissem.

263 3075 335 3140 Hac
357 3096 408 3139 me
431 3077 538 3140 mente
560 3073 660 3138 fuisse
683 3076 717 3137 eb
739 3073 870 3136 senalus
897 3093 935 3136 ex
958 3092 1010 3136 me
1032 3076 1064 3136 te
1088 3075 1220 3138 consule
1278 3083 1279 3160 1

265 3163 389 3228 audivit
410 3166 443 3227 el
464 3166 501 3228 ιιι
522 3163 559 3226 ιιι
580 3160 700 3226 nostris
718 3160 920 3225 sermonibus
938 3161 1220 3226 collocutionibus·
1278 3163 1279 3232 l

230 3272 326 3337 eque
349 3253 412 3337 ipsi
434 3251 552 3316 vidisti.
601 3249 675 3314 Etsi
701 3249 766 3314 iam
792 3249 905 3333 primis
934 3249 1133 3333 temporibus
1154 3250 1221 3315 illis
1278 3235 1279 3280 l

264 3341 374 3406 multis
401 3339 497 3404 rebus
528 3360 619 3403 meus
646 3337 868 3404 offendebatur
895 3339 1034 3422 animus,
1061 3359 1165 3422 quum¹
1187 3342 1221 3402 le

336 3531 388 3603 cp.
408 3539 433 3600 e,
446 3538 472 3586 4.
509 3499 602 3602 usquc
620 3547 685 3600 aaa
703 3531 770 3601 (u).
809 3531 896 3586 araas
912 3547 933 3585 e.
952 3529 1008 3594 or..
1022 3529 1054 3584 ιι.
