2556 3986
246 161 313 226 550
529 161 567 214 Μ.
587 160 710 214 TULLII
727 159 918 216 CICERONIS

246 306 453 370 excellentem
471 305 575 368 virum
594 304 702 369 videas
722 326 819 389 quam
836 305 986 389 primum.
1023 304 1126 370 Nam
1146 306 1221 390 quid

246 415 307 480 ego
331 393 369 458 de
392 392 521 458 Bruttio
546 392 672 457 dicam?
705 415 800 478 quem
822 394 912 458 nullo
936 397 1093 478 tempore
1127 417 1151 458 a
1174 417 1220 458 me

245 483 352 567 patior
383 481 558 566 discedere,
590 481 680 546 cuius
712 503 811 566 quum
838 481 925 568 frugi
953 504 1147 567 severaque
1177 487 1221 547 est

246 571 326 654 vita,
357 573 427 635 tum
460 570 558 634 etiam
589 568 820 636 iucundissima
849 571 1024 654 convicti03
1061 593 1143 636 non
1177 575 1220 636 est

246 659 333 724 enim
356 659 519 723 seiunctus
541 658 630 723 iocus
649 680 670 722 a
687 661 865 744 mitoloqu
887 662 921 722 et
938 659 1148 742 quotidiana
1168 677 1219 724 συ-

247 743 386 832 ζητήσει.
429 745 515 811 Huic
542 767 602 831 ego
629 747 737 811 locum
763 747 798 810 in
824 747 971 832 proximo
1001 749 1161 814 conduxi
1184 754 1219 831 et,

246 840 284 900 nt
306 857 452 919 possum,
474 857 513 899 ex
535 834 615 899 meis
638 835 797 920 angustiis
819 835 905 900 illius
929 839 1086 902 sustento
1113 839 1219 901 tenui·

212 942 228 990 5
247 927 356 989 tatem.
392 922 562 988 Praeterea
584 922 788 988 declamitare
809 921 928 989 Graece
952 924 1041 1008 apud
1063 923 1219 990 Cassium

247 1012 386 1097 institui5
408 1011 524 1076 Latine
545 1013 654 1078 autem
677 1013 763 1096 apud
779 1011 944 1077 Bruttium
963 1015 1115 1077 exerceri
1137 1015 1219 1079 volo.

246 1101 331 1166 Utor
353 1100 566 1166 familiaribus
589 1102 623 1163 et
641 1099 837 1183 quotidianis
856 1101 1116 1186 convictoribus,
1139 1125 1218 1186 quos

247 1212 355 1255 secum
386 1189 551 1274 Mytilenis
579 1185 751 1272 Cratippus
781 1188 927 1273 adduxit,
956 1189 1162 1255 hominibus
1190 1195 1218 1254 et

247 1278 349 1344 doctis
374 1281 407 1342 et
427 1278 476 1343 illi
501 1277 746 1364 probatissimis.
790 1275 930 1342 Multum
952 1277 1054 1342 etiam
1085 1301 1217 1344 meeum

248 1370 298 1432 est
319 1365 501 1450 Epicrates,
527 1366 676 1450 princeps
705 1365 966 1449 Atheniensium,
989 1369 1023 1429 et
1046 1363 1216 1432 Leonides

249 1458 281 1518 et
306 1454 423 1519 horum
446 1455 543 1519 ceteri
566 1454 694 1520 similes.
747 1449 794 1518 Τὰ
821 1450 883 1536 μὲν
914 1443 977 1519 οὖν
1003 1449 1090 1520 καθ’
1130 1451 1217 1540 ἡμᾶς

213 1538 336 1608 occide.
380 1541 429 1606 De
457 1541 577 1628 Gorgia
609 1546 716 1608 autem
748 1542 834 1626 quod
865 1542 946 1606 mihi
977 1542 1111 1628 scribis,
1150 1549 1216 1608 erat

250 1629 377 1716 quidem
404 1630 458 1695 ille
480 1629 516 1696 in
543 1629 731 1715 quotidiana
757 1630 988 1696 declamatione
1016 1631 1130 1716 utilis,
1162 1633 1214 1698 sed

249 1719 359 1786 omnia
381 1719 563 1804 postposui,
586 1718 758 1784 dummodo
785 1720 966 1803 praeceptis
987 1721 1097 1804 patris
1122 1743 1212 1805 pare·

248 1831 325 1892 rem,
348 1805 534 1893 διαρρήδην
553 1807 640 1873 enim
658 1807 839 1892 scripserat,
860 1811 898 1876 ut
916 1829 988 1872 eum
1009 1807 1213 1874 dimitterem

249 1897 371 1962 statim:
400 1895 606 1982 tergiversari
632 1896 736 1981 nolui,
766 1917 808 1960 ne
835 1917 908 1961 mea
939 1895 1040 1960 nimia
1076 1893 1211 1980 σπουδὴ

249 1986 465 2070 suspicionem
500 1985 530 2049 ei
566 1983 707 2068 aliquam
740 1985 942 2068 importaret,
977 1983 1099 2048 deinde
1133 1987 1213 2050 illud

250 2074 346 2139 etiam
377 2074 458 2138 mibi
489 2073 689 2156 aucurrebat,
720 2093 817 2158 grave
844 2094 913 2138 esse
940 2093 991 2136 me
1019 2073 1059 2137 de
1090 2074 1212 2140 iudicio

215 2162 350 2248 rpatris
373 2161 527 2245 iudieare3
553 2165 646 2226 tuum
672 2165 782 2226 tamen
810 2161 951 2227 studium
974 2163 1007 2224 et
1034 2163 1213 2228 consilium
1264 2167 1265 2170 ’

250 2255 378 2337 gratum
405 2254 634 2335 acceptumque
661 2253 711 2314 est
737 2250 825 2314 mibi.
869 2249 1128 2316 Exousaticnem
1159 2275 1213 2316 an·

250 2341 429 2425 gustiarnm
456 2340 505 2404 tui
533 2339 687 2421 temporis
720 2339 855 2422 accipio,
887 2338 952 2403 scio
979 2339 1083 2422 enim,
1113 2361 1213 2424 quam

250 2428 354 2492 soleas
382 2449 451 2492 esse
479 2431 662 2510 occupatus.
706 2425 833 2492 Emissa
859 2429 893 2490 te
920 2426 1093 2510 praedium
1116 2429 1213 2494 rebe

249 2518 375 2580 menter
397 2514 522 2600 gaudeo
549 2515 748 2599 feliciterque
775 2514 836 2580 tibi
862 2535 930 2578 rem
957 2515 1054 2580 istam
1080 2519 1213 2582 evenire

138 2671 140 2675 f
250 2603 345 2688 cupio
369 2639 410 2649 -
434 2603 496 2668 hoo
525 2604 597 2668 loco
630 2625 680 2667 me
707 2603 768 2668 tibi
799 2603 956 2688 gratulari
986 2603 1055 2668 noli
1084 2606 1213 2688 mirari3

250 2691 363 2758 eodem
385 2693 472 2758 enim
497 2692 564 2758 fere
586 2692 658 2757 loeo
685 2696 722 2756 tu
750 2713 876 2776 quoque
899 2691 1012 2757 emisse
1040 2693 1074 2756 te
1105 2692 1213 2759 fecisti

249 2803 300 2848 me
320 2781 488 2847 certiorem
502 2817 554 2846 -.
592 2779 730 2860 †Habes
749 2778 957 2864 deponendae
974 2780 1036 2845 tibi
1055 2785 1139 2846 sunt
1164 2807 1213 2848 ur·

249 2869 425 2952 benitatem
452 2869 590 2934 rusticus
618 2867 784 2934 Romanus
811 2869 917 2933 faetus
948 2889 991 2934 es.
1036 2867 1212 2946 Quomodo

320 3077 372 3147 Ep.
392 3083 435 3144 21,
454 3083 478 3132 θ.
514 3078 561 3132 ille
583 3079 691 3148 quidem
713 3077 852 3148 in{(W.)t
889 3083 913 3132 7.
942 3079 1023 3148 cupio
1042 3109 1076 3118 —
1098 3082 1152 3138 boe

251 3149 449 3204 certiorem'-.
478 3148 553 3218 (W.).
594 3165 616 3204 c.
644 3149 706 3204 Hoc
786 3165 807 3202 o.
826 3149 921 3220 vulgo.
940 3180 974 3189 —
997 3150 1137 3216 †chee
1153 3155 1213 3222 dep.

250 3221 302 3276 tibi
319 3223 385 3274 cwct
402 3219 461 3274 arb.
482 3219 557 3289 (W.).
593 3219 687 3274 Habes
706 3219 761 3287 (vel
775 3219 813 3274 H.
827 3219 996 3288 praedium),
1013 3220 1064 3274 ubi
1076 3221 1107 3276 d.
1122 3229 1142 3279 t.
1157 3226 1215 3278 siat

248 3309 277 3346 u.
298 3289 392 3359 (Orat,
407 3289 520 3357 Gron.)?
556 3290 708 3344 AnHabes
726 3292 799 3326 ***
817 3291 843 3343 d.
863 3295 881 3344 t.
899 3296 966 3344 suat
979 3309 1006 3343 u.
1025 3291 1115 3358 (W.)?
1153 3295 1215 3350 Ha·

250 3362 301 3416 bes.
329 3361 400 3428 Dap.
418 3366 437 3414 t.
452 3360 664 3426 suctu.M.‚B.
683 3391 717 3400 ·-
735 3377 771 3428 es,
788 3361 919 3429 quomodo
995 3367 1213 3431 pauperrimam.

250 3429 723 3570 {ilmqlw'ffllvffimm⁰l1i
742 3427 866 3570 thqrd?
916 3429 1017 3486 Videor
1039 3433 1113 3488 mibi
1138 3436 1214 3506 (W.).
