2676 3984
589 934 700 992 omas
716 936 883 994 DECIMUS.

353 1023 440 1130 sn
460 1061 496 1130 ι.
523 1061 763 1132 culusum
793 1065 856 1130 nr
885 1062 1114 1134 cranaos

721 1239 747 1308 I.
829 1237 832 1245 ,

258 1361 317 1418 Sor.
336 1363 441 1420 Romae
458 1365 524 1434 post
541 1363 574 1418 Κ.
590 1363 666 1434 Sept.
685 1367 715 1418 et
732 1365 798 1420 anto
817 1361 890 1418 XIV.
908 1361 943 1418 K.
957 1363 1019 1418 Oct.
1033 1380 1058 1421 a,
1073 1382 1100 1418 ιι.
1114 1381 1137 1422 o.
1155 1371 1219 1422 llo.

585 1503 714 1560 CICERO
732 1501 885 1559 PLANCO.

224 1627 239 1676 1
324 1613 369 1678 Et
386 1613 454 1678 afui
472 1613 677 1698 proficiscens
695 1614 730 1677 in
744 1611 910 1678 Graeciam
923 1616 958 1678 et
974 1616 1097 1698 postea,
1115 1636 1215 1698 quam

259 1701 297 1765 de
324 1702 429 1770 medio
457 1723 552 1768 cursu
577 1702 625 1766 rei
650 1701 797 1785 publicae
828 1723 899 1766 sum
929 1723 1007 1768 voce
1034 1706 1217 1788 revocatus,

257 1812 433 1874 numquam
450 1812 508 1875 per
526 1789 569 1855 M.
588 1790 768 1855 Antonium
786 1790 913 1873 quietus
930 1789 988 1876 fui,
1009 1791 1100 1856 cuius
1118 1793 1214 1856 tanta

258 1880 315 1963 est,
337 1900 405 1944 non
427 1879 666 1945 insolentia-
687 1900 765 1942 nam
791 1877 824 1942 id
847 1840 988 1962 quidem
1003 1879 1136 1965 vulgare
1165 1880 1214 1945 vi-

257 1968 338 2032 tium
359 1971 474 2034 est-
480 1965 791 2053 ‚sed1mmanitas,
813 1973 885 2032 non
911 1967 1015 2034 modo
1030 1971 1069 2031 ιιι
1090 1989 1215 2054 vocem,

257 2055 375 2121 sedne
398 2019 524 2122 vultum
548 2056 679 2141 quidam
704 2056 842 2120 liberum
863 2055 966 2139 possit
951 2055 1080 2120 tierre
1107 2056 1212 2121 cuius-

257 2165 361 2229 quam.
414 2145 529 2230 Itaque
560 2144 640 2210 mihi
671 2144 827 2208 maximae
860 2163 953 2208 curae
980 2147 1043 2229 est,
1074 2165 1142 2209 non
1169 2144 1211 2209 de

255 2255 328 2298 mea
350 2233 480 2335 quidem
502 2234 579 2317 vita,
601 2233 652 2298 cui
675 2231 816 2297 satisfeci
838 2233 890 2295 vel
912 2235 1017 2296 aetate
1040 2233 1091 2297 vel
1113 2231 1212 2298 factis

255 2322 363 2404 vel,
337 2343 365 2386 ιι
387 2322 465 2406 quid
488 2322 586 2386 etiam
607 2321 670 2385 hoc
693 2320 733 2384 ad
756 2341 824 2384 rem
846 2320 995 2403 pertinet,
1017 2321 1130 2405 gloria,
1152 2322 1209 2386 sed

255 2430 307 2474 me
333 2410 440 2492 patria
466 2409 653 2474 sollicitat
643 2429 680 2472 111
705 2408 893 2491 primisque,
924 2409 969 2472 mi
995 2407 1127 2493 Plance,
1156 2431 1209 2474 ex·

256 2497 411 2581 spectatio
444 2497 629 2562 consulatus
660 2496 725 2578 tui,
756 2517 837 2580 quae
868 2496 916 2559 ita
945 2498 1046 2582 longa
1077 2500 1139 2581 est,
1172 2502 1209 2562 ut

255 2584 432 2669 optandum
456 2585 507 2668 sit,
529 2588 566 2649 ut
587 2584 749 2668 possimus
772 2583 867 2648 adid
890 2587 1017 2669 tempus
1040 2585 1086 2649 rei
1103 2586 1210 2669 publi-

255 2694 310 2738 cae
333 2673 482 2759 spiritum
504 2673 632 2756 ‹lucere3
654 2693 736 2757 quae
758 2676 868 2756 potest
884 2673 970 2737 enim
989 2694 1062 2758 spes
1080 2695 1149 2738 esse
1171 2675 1207 2739 in

254 2783 293 2826 ea
314 2783 348 2826 ιι
370 2762 508 2846 publica,
529 2762 566 2827 in
588 2784 653 2846 qua
669 2760 809 2827 hominis
827 2761 1088 2845 impotentissimi
1110 2765 1208 2847 atque

256 2849 263 2864 ‘
253 2851 570 2935 intemperantissimi
594 2851 691 2915 armis
714 2871 868 2934 oppressa
890 2852 966 2914 sunt
985 2850 1094 2915 omnia
1117 2851 1206 2915 etin

254 2960 317 3022 qua
339 2960 399 3003 nec
421 2943 551 3004 senatus
574 2961 633 3004 nec
655 2939 794 3023 populus
817 2937 882 3002 vim
903 2936 1002 3002 habet
1025 2939 1123 3002 ullam
1146 2959 1206 3003 nec

253 3027 340 3113 leges
372 3027 456 3091 ullae
488 3030 564 3092 eunt
594 3048 654 3091 nec
684 3027 803 3091 iudicia
828 3046 888 3090 nec
914 3027 1047 3091 omnino
1077 3027 1205 3091 simula-

218 3130 342 3181 tarum
364 3115 494 3199 aliquod
517 3136 555 3180 ac
572 3115 744 3199 vestigium
762 3114 873 3179 civitat
823 3113 922 3178 tais?
957 3111 1029 3198 sed,
1052 3115 1205 3198 quoniam

253 3209 326 3271 acta
348 3205 457 3270 omnia
479 3202 565 3269 mitti
587 3203 628 3266 ad
651 3207 683 3266 te
704 3202 892 3286 arbitrabar,
914 3201 996 3266 nihil
1018 3206 1096 3286 erat,
1118 3203 1206 3287 quod

252 3293 388 3379 singulis
407 3293 447 3357 de
465 3292 560 3356 rebus
578 3291 761 3374 scriberem3
784 3290 863 3354 illud
881 3253 989 3354 ²autern
1003 3294 1073 3355 erat
1086 3292 1206 3356 amoris

252 3383 328 3465 mei,
354 3403 450 3466 quem
477 3402 497 3444 a
523 3383 580 3444 tua
611 3379 749 3463 pueritia
776 3381 959 3462 susceptum
985 3400 1053 3443 non
1080 3381 1203 3444 servavi

252 3471 364 3554 solum,
386 3469 442 3534 sed
465 3469 562 3533 etiam
585 3467 668 3550 auxi,
689 3487 819 3530 monere
842 3470 875 3530 ta
894 3469 989 3550 atque
1012 3466 1145 3551 hortari,
1167 3471 1205 3532 ut
1318 3503 1319 3522 ι

251 3558 286 3621 in
308 3578 376 3622 rom
398 3557 560 3641 publicam
587 3555 675 3620 omni
698 3555 894 3640 cogitatione
920 3574 1059 3638 curaque
1081 3555 1203 3620 incum-
