2636 3986
350 263 609 321 arlsroaraum
626 263 700 322 XIIL
720 271 788 321 26-
791 272 825 322 28
840 283 864 321 a
1019 266 1086 332 443

125 409 289 493 formulis,
315 408 362 475 aie
390 428 451 495 ego
478 411 514 474 in
540 410 685 494 epistolis
712 427 760 476 nn
786 427 906 476 lernau
932 427 977 476 aa
1003 428 1084 478 Amo

125 511 236 564 mono.
279 459 317 562 b.
341 496 498 563 Avianius
521 499 621 584 igitur
642 497 856 566 Hammonius
883 499 1120 566 incredibilesa

126 585 209 652 mihi
239 585 362 671 gratias
393 607 451 670 per
485 587 611 652 littmas
643 587 711 672 egit
741 591 774 653 et
805 609 863 653 suo
894 591 928 652 at
913 587 1127 678 tAemilii

127 674 272 758 Avianii,
303 675 435 759 patroni
466 676 530 760 sui,
560 676 704 741 nomine:
740 696 800 741 neo
829 676 994 742 liberalius
1026 697 1086 742 nea
1136 681 1138 685 ’

127 762 392 828 honorificentius
415 764 559 848 potuisse
580 764 714 829 tractari
739 785 800 830 neo
822 785 857 830 se
883 768 1087 868 praesentem

127 872 189 916 neo
211 872 280 917 rem
301 851 494 918 familiarem
516 852 661 919 absentis
688 853 819 939 patroni
841 853 900 919 sui.
944 852 984 918 Id
1006 853 1087 918 mihi

127 961 228 1024 quum
259 939 435 1005 ineundum
466 944 516 1006 oet
547 962 658 1007 eorum
685 963 795 1026 causa,
827 963 908 1027 quos
934 942 996 1007 tibi
1025 963 1085 1029 ego

128 1049 255 1093 summa
284 1029 521 1094 necessitudine
553 1033 586 1094 οι
617 1051 743 1096 summa
774 1030 1000 1096 coniunctione
1032 1030 1086 1095 ad·

127 1117 244 1182 ductus
276 1117 588 1202 commendaveram,
620 1118 705 1203 quod
736 1117 780 1183 M.
812 1118 970 1185 Aemilius
1000 1139 1086 1184 unus

129 1211 179 1271 est
205 1227 245 1270 ex
271 1205 351 1271 meis
381 1205 640 1272 familiarissimis
672 1209 769 1291 atque
795 1206 920 1272 intimis
949 1207 1086 1272 maxime

127 1294 344 1378 necessarius,
373 1291 472 1360 homo
504 1297 538 1360 et
568 1295 696 1380 magnis
727 1295 808 1361 meis
839 1295 1002 1361 benefieiis
1033 1295 1086 1360 de·

128 1382 256 1448 vinetus
279 1385 313 1447 et
333 1403 434 1468 prope
458 1383 615 1468 omnium,
642 1383 698 1468 qui
720 1383 800 1449 mihi
827 1384 942 1450 debere
965 1383 1086 1469 aliquid

129 1471 288 1556 videntur,
311 1471 528 1558 gratissimus,
549 1475 619 1537 tum
643 1473 745 1538 multo
767 1472 939 1539 iucundius
960 1476 993 1538 te
1017 1493 1086 1542 esee

128 1560 166 1624 in
191 1581 243 1624 me
269 1522 329 1624 ioli
355 1562 535 1646 voluntate,
564 1562 700 1645 utplus
728 1561 832 1647 prosis
860 1561 971 1626 amieis
997 1561 1088 1646 meis,

129 1670 227 1750 quam
250 1668 312 1734 ego
333 1671 485 1734 praesens
502 1649 640 1715 fortasse
658 1650 852 1738 prodessem,
874 1650 978 1734 oredo,
1001 1612 1088 1735 quod

129 1738 235 1823 magis
258 1758 319 1823 ego
343 1737 537 1822 dubitarem,
564 1737 640 1822 quid
663 1739 793 1804 illorum
819 1759 917 1803 eausa
938 1738 1088 1824 facerem,

130 1847 228 1909 quam
258 1829 312 1911 tu,
343 1826 420 1910 quid
450 1847 532 1891 mea.
577 1823 640 1890 Sed
671 1826 734 1890 hoe
765 1846 833 1892 non
863 1825 976 1891 dubito
1008 1789 1122 1910 quiris

130 1914 294 1979 existimes
316 1913 396 1979 mihi
419 1935 488 1979 esee
511 1916 654 2000 gratum.
680 1913 761 1978 illud
783 1916 816 1978 te
838 1934 932 1999 rogo,
954 1917 992 1978 ut
1013 1914 1088 1980 illos

130 2024 258 2086 quoque
286 2006 397 2087 gratos
424 2023 493 2066 esse
520 2001 667 2067 homines
694 2005 802 2086 putes,
833 2001 919 2086 quod
945 2002 992 2067 ita
1019 2023 1088 2068 esse

129 2090 192 2154 tibi
218 2089 374 2175 promitto
401 2093 498 2174 atque
525 2089 689 2155 confirmo.
734 2088 839 2166 Quare
861 2090 971 2172 velim,
998 2089 1088 2174 quid·

131 2178 210 2262 quid
218 2113 360 2242 phabent
385 2177 522 2263 negotii,
548 2177 604 2242 des
632 2197 776 2261 operam,
806 2177 894 2262 quod
919 2139 1088 2244 eoinmodo

130 2270 190 2330 tuo
213 2265 283 2350 fiat,
305 2268 343 2330 ut
363 2269 397 2331 te
420 2265 586 2332 obtinente
609 2264 767 2331 Achaiam
789 2265 971 2331 oonfioiant.
1014 2265 1124 2352 agos

131 2374 207 2418 eum
234 2356 291 2419 tuo
320 2351 430 2420 Servio
463 2353 694 2420 iucundissimo
727 2353 989 2421 coniunctissime
1014 2354 1089 2421 vivo

131 2462 348 2528 magnamque
367 2465 466 2529 quum
484 2464 524 2508 ex
541 2443 674 2529 ingenio
693 2443 761 2510 eius
780 2443 999 2529 singularique
1022 2446 1089 2508 stu·

132 2530 200 2616 dio,
226 2535 297 2597 tum
319 2553 359 2596 ex
380 2532 499 2598 virtute
522 2534 556 2598 et
576 2531 738 2616 probitate
760 2532 961 2617 voluptatem
987 2532 1090 2618 capio.

517 2705 701 2791 xxvn're.

392 2837 449 2892 Ser.
476 2837 583 2892 Romae
611 2853 636 2892 a.
664 2853 691 2892 u.
719 2853 743 2892 e.
771 2841 832 2892 708.

424 2958 553 3016 CICERO
572 2958 704 3015 SERVIO
723 2958 799 3014 SAL.

199 3059 273 3126 Etsi
294 3059 433 3126 libenter
455 3063 564 3145 patara
586 3081 607 3124 a
623 3063 656 3124 te
675 3059 773 3144 soleo,
795 3059 823 3124 si
841 3059 919 3143 quid
936 3080 1018 3144 opus
1041 3061 1123 3124 esti

132 3170 278 3216 meorum
297 3149 446 3233 cuipiam,
467 3152 578 3213 tamen
596 3147 698 3213 multo
716 3147 870 3212 libentius
886 3149 1012 3234 gratias
1030 3147 1091 3212 tibi

132 3259 206 3324 ego,
223 3260 323 3323 quum
341 3237 445 3302 feriet
421 3241 447 3302 ιι
465 3235 586 3321 aliquid
605 3236 893 3302 commendatione
891 3256 982 3319 mea,
1005 3235 1091 3320 quod

132 3348 260 3412 semper
281 3326 377 3410 faeis3
403 3325 589 3391 incredibile
612 3328 662 3390 est
683 3325 784 3410 enim,
812 3345 892 3408 quas
915 3322 995 3388 milri
1018 3343 1090 3410 gra-

203 3535 357 3605 Ep2'1,.2
381 3534 500 3590 Δοιαηιι
517 3533 593 3604 (W..)
630 3532 787 3589 Armorum
800 3531 838 3588 Μ.
870 3531 976 3588 Auram
994 3477 1090 3604 vulgo.

131 3553 345 3680 -pri'oaaein,
362 3605 441 3661 oredo
461 3604 535 3673 (ΜΝ)
566 3619 630 3674 pr..-
646 3603 783 3674 evulgo
