2676 3984
248 224 313 288 292
524 225 567 280 M.
587 225 710 280 TULLII
728 223 918 280 CICERONIS

247 391 338 453 nam,
365 369 393 434 si
415 372 498 447 tum,
526 391 624 452 quum
647 368 804 453 habebas,
831 391 911 453 quos
933 369 1108 452 imitarere,
1135 389 1205 434 nou
1315 445 1316 454 ἵ

248 459 387 532 multum
408 457 607 541 proficiebas,
630 458 707 541 quid
728 479 816 524 nunc
837 461 870 522 tc
888 457 1049 522 facturum
1069 457 1204 542 putem?
1315 497 1316 554 p

249 545 411 630 Spurinna
434 544 576 630 quidem,
603 568 702 629 quum
725 547 754 611 ei
776 568 845 611 rem
871 545 1145 610 demonstrassem
1172 549 1205 610 et
1315 557 1316 628 l

247 635 348 700 vitam
369 637 460 698 tuam
483 635 680 718 superiorem
697 634 925 718 exposuissem,
947 655 1103 719 magnum
1121 635 1204 718 peri-
1315 647 1316 704 l

248 724 356 788 culum
379 742 522 788 summae
549 723 766 806 reipublicae
788 723 1043 806 demonstrabat,
1070 721 1134 787 nisi
1162 723 1204 788 ad

248 811 446 895 superiorem
465 811 730 876 consuetudinem
747 814 827 895 tum,
850 833 949 895 quum
961 809 1125 876 Favonius
1147 811 1204 876 fla·

247 903 306 984 ret,
327 900 527 983 revertisses3
549 899 611 964 hoc
628 903 774 984 tempore
791 899 869 963 ferri
886 920 990 983 posse,
1013 899 1041 964 si
1062 899 1148 968 forte
1166 903 1204 965 tu

213 1003 229 1050 3
248 987 352 1074 frigus
375 987 459 1053 ferre
481 1009 549 1053 non
571 1009 692 1073 posses.
732 985 795 1053 Sed
817 987 1007 1072 mehercule,
1029 987 1075 1052 mi
1096 986 1204 1072 Paete,

209 1153 212 1158 Ι
248 1080 339 1142 cutm
360 1077 467 1142 iocum
489 1098 605 1142 moneo
628 1080 670 1161 te,
692 1077 778 1160 quod
795 1076 955 1160 pertinere
978 1076 1020 1140 ad
1041 1076 1135 1140 beate
1157 1077 1203 1140 vi-

247 1165 387 1232 vendum
402 1165 550 1250 arbitror,
569 1170 608 1231 ut
619 1187 693 1230 cum
706 1166 783 1230 viris
797 1164 1076 1248 bonis,.iucuudis,
1093 1185 1203 1230 aman·

248 1254 334 1320 tibus
352 1254 401 1318 tui
419 1254 521 1322 vivas:
544 1255 626 1322 nihil
645 1255 695 1318 est
712 1254 820 1339 aptius
837 1253 932 1337 vitae,
949 1253 1032 1317 nihil
1050 1253 1091 1317 ad
1109 1253 1203 1318 beate

248 1342 419 1406 vivendum
443 1342 726 1426 accommodatius3
749 1364 808 1408 nee
825 1342 859 1406 id
878 1341 919 1406 ad
936 1342 1136 1425 voluptatem
1155 1363 1203 1405 ra

247 1431 327 1515 fero,
345 1430 401 1496 scd
419 1431 461 1494 ad
479 1430 744 1496 communitatem
761 1431 846 1496 vitae
860 1433 957 1515 atque
971 1430 1074 1494 victus
1093 1431 1203 1494 romis-

248 1519 434 1603 sionemque
448 1519 638 1602 animorum,
657 1540 739 1603 quae
752 1519 891 1584 maxime
904 1539 1051 1583 sermone
1065 1518 1204 1584 efficitur

248 1607 409 1691 familiari,
427 1607 482 1691 qui
501 1611 550 1672 est
568 1609 603 1672 in
622 1607 776 1673 conviviis
791 1607 1004 1690 dulcissimus,
1022 1611 1060 1672 ut
1077 1607 1202 1692 sapien-

247 1696 313 1760 tius
327 1697 431 1760 nostri
445 1717 541 1780 quam
552 1695 678 1762 Graeci:
692 1695 740 1760 illi
753 1695 922 1777 συμπόσια
936 1698 993 1760 aut
1002 1691 1202 1774 σύνδειπνα,

248 1785 281 1848 id
305 1789 356 1849 est
377 1785 633 1868 compotationes
657 1790 714 1848 aut
731 1784 1009 1868 concoenationes,
1030 1805 1091 1849 uos
1109 1805 1202 1868 „con-

249 1872 360 1956 vivia“,
381 1873 468 1958 quod
490 1877 560 1938 tum
582 1873 719 1938 maxime
742 1874 838 1938 simul
860 1873 986 1938 vivitur.
1030 1871 1140 1955 Vides,
1166 1875 1204 1936 ut

248 1965 281 2026 te
303 1961 562 2046 philosophando
585 1983 735 2030 revocare
757 1983 855 2033 coner
876 1961 918 2026 ad
941 1982 1066 2027 coenas.
1109 1957 1204 2044 Oura,

248 2054 286 2114 ut
308 2052 429 2134 valeas,
452 2050 485 2114 id
507 2051 586 2122 foris
610 2050 803 2118 coenitando
825 2050 976 2116 facillime
999 2070 1202 2132 consequere.

213 2152 231 2198 4
250 2137 313 2204 Sed
335 2161 420 2223 cave,
444 2140 471 2204 si
493 2162 545 2204 me
567 2162 666 2222 amas,
688 2139 850 2204 existimes
873 2161 934 2223 me,
956 2137 1041 2223 quod
1063 2137 1203 2203 iocosius

250 2227 397 2312 scribam,
420 2223 574 2294 abiecisse
598 2249 707 2293 curam
729 2229 776 2292 rei
797 2227 954 2312 publicae.
992 2225 1045 2291 Sic
1065 2226 1135 2308 tibi,
1157 2226 1202 2290 mi

132 2387 134 2391 ,
249 2315 355 2399 Paete,
372 2317 539 2400 persuade,
561 2338 613 2380 me
631 2317 698 2382 dies
717 2319 750 2380 et
767 2320 878 2381 noctes
896 2315 978 2380 nihil
997 2315 1085 2380 aliud
1099 2334 1203 2398 agore,

249 2405 331 2468 nihil
354 2424 479 2486 curare,
501 2405 567 2468 nisi
589 2407 627 2468 ut
648 2404 711 2468 mei
734 2404 818 2468 cives
842 2404 923 2469 salvi
944 2403 1100 2486 liberique
1123 2403 1203 2468 sint:

249 2492 374 2556 nullum
396 2493 503 2556 locum
526 2492 747 2576 praetermitto
768 2492 929 2575 monendi,
950 2490 1076 2578 agendi,
1097 2491 1203 2576 prori-

244 2578 359 2662 ,dcndi3
376 2579 438 2643 hoc
457 2579 593 2663 denique
612 2580 720 2645 animo
739 2603 819 2665 sum,
837 2584 882 2664 ut,
901 2581 977 2646 siin
990 2580 1051 2644 hac
1066 2600 1142 2645 cura
1156 2582 1203 2642 at·

250 2687 310 2751 que
325 2667 603 2734 administratione
621 2669 688 2734 vita
705 2669 786 2734 mihi
803 2669 954 2753 ponenda
971 2669 1022 2753 sit,
1040 2668 1203 2753 praeclare

250 2758 356 2821 actum
379 2778 504 2822 mecum
526 2761 645 2842 putem.
690 2757 800 2823 Etiam
823 2761 919 2842 atque
941 2757 1039 2823 etiam
1061 2757 1141 2822 vale.

672 2951 776 3018 XXV.

285 3060 341 3117 Sor.
362 3060 516 3116 Laodiceae
533 3079 627 3118 mense
645 3064 797 3132 Februario
815 3065 891 3133 (post
904 3063 955 3132 Id.)
974 3079 998 3116 a.
1018 3081 1045 3118 u
1063 3079 1087 3116 c.
1108 3069 1167 3117 'lo-l.

540 3185 668 3242 CICERO
687 3186 760 3241 IMP.
779 3186 906 3242 PAETO.

217 3298 230 3345 1
316 3283 485 3350 Summum
511 3307 561 3350 me
589 3286 703 3350 ducem
729 3287 855 3350 litterae
881 3288 957 3350 tuae
983 3283 1203 3350 reddiderunt:

250 3375 346 3458 plane
369 3375 551 3439 nesciebam
573 3378 606 3438 te
628 3378 696 3438 tam
718 3375 858 3458 peritum
881 3395 950 3438 esse
973 3374 1020 3437 rci
1042 3373 1205 3456 militaris3

321 3563 372 3633 Ep.
392 3569 434 3632 24,
449 3570 473 3618 3.
510 3580 613 3621 mecca
651 3563 726 3619 Oura
744 3564 819 3634 (W.).
856 3562 956 3620 cecos?
992 3563 1177 3635 Ourcvulgo.
