2578 3982
217 237 284 302 584
500 239 540 293 Μ.
556 229 682 294 TULLII
700 235 891 292 CICERONIS

663 450 723 516 111.

323 561 380 619 Ser.
405 550 620 620 Thessalonicae
642 563 738 619 Idibus
762 561 849 618 Iuniis
873 577 899 617 a.
917 579 944 618 u.
964 577 987 617 c.
1007 569 1068 619 696.
1140 629 1144 636 ,

366 685 513 744 naudus
532 685 671 753 QUINTO
689 685 825 742 FRATRI
843 684 1023 744 SALUTEM.

185 811 197 850 1
283 781 331 852 Mi
353 785 467 870 frater,
488 787 534 852 mi
556 786 670 869 frater,
691 785 736 852 mi
758 786 874 868 frater,
896 787 974 851 lune
997 785 1030 850 id
1054 775 1179 852 veritus

217 895 262 959 es,
283 894 325 939 ne
347 893 409 959 ego
431 874 598 942 iracundia
621 874 728 957 aliqua
751 872 907 938 adductus
936 893 1055 958 pucras
1078 875 1122 938 ad
1144 879 1180 940 te

217 963 287 1028 sine
310 961 425 1026 litteris
452 961 615 1028 miserim?
647 959 704 1026 aul
731 961 828 1026 etiam
855 981 896 1025 ne
922 963 956 1025 te
983 961 1091 1027 ridere
1119 984 1178 1028 ne

216 1048 354 1116 luerim?
388 1049 462 1135 Ego
475 1051 536 1118 libi
553 1048 729 1116 irascerer?
751 1048 812 1114 libi
830 1069 891 1134 ego
908 1069 1037 1134 possem
1054 1050 1178 1115 irasci?
1282 1103 1283 1120 1

217 1135 359 1222 Scilicet,
385 1141 423 1202 tu
445 1138 532 1204 enim
553 1160 604 1205 me
632 1137 789 1220 afflixisti,
815 1137 865 1204 aa
886 1158 937 1202 me
959 1137 1095 1221 inimici,
1117 1143 1178 1204 tua

217 1247 269 1292 me
290 1226 425 1309 invidia,
456 1247 494 1294 aa
520 1247 588 1292 non
615 1246 675 1311 ego
702 1229 735 1290 ie
762 1225 877 1290 misere
903 1225 1036 1309 perdidi.
1081 1225 1176 1294 Meus

217 1315 271 1380 ille
293 1315 444 1388 laudatus
467 1315 654 1380 consulatus
680 1313 760 1380 mihi
786 1317 833 1397 ie,
863 1313 996 1397 liberos,
1026 1315 1177 1399 patriam,

217 1404 375 1486 fouunas,
396 1403 457 1467 tibi
478 1402 575 1468 velim
596 1424 639 1468 ne
657 1400 734 1485 quid
752 1401 906 1486 eripuerit
922 1404 1051 1484 praeter
1073 1409 1176 1468 unum

218 1511 278 1558 me.
323 1487 386 1556 Sed
414 1492 500 1554 cerie
531 1512 551 1554 a
577 1493 610 1554 le
636 1487 717 1558 mihi
748 1489 857 1555 omnia
884 1510 1009 1574 semper
1035 1489 1176 1556 honesta

219 1581 252 1642 ei
272 1578 412 1642 iucunda
434 1577 630 1662 ceciderunt,
652 1599 672 1642 a
694 1599 745 1641 me
767 1577 828 1642 dibi
850 1578 956 1642 lucius
978 1599 1068 1642 meae
1092 1579 1175 1644 cala·

218 1665 354 1748 mitatis,
381 1668 486 1731 metus
512 1669 602 1750 tuae,
629 1664 835 1750 desiderium,
856 1686 995 1749 maeror,
1023 1665 1174 1732 solitudo.

217 1753 308 1839 „Ego
335 1757 368 1819 ie
394 1753 502 1822 videre
528 1751 732 1821 noluerim?“
780 1752 885 1820 Immo
912 1774 988 1818 vero
1015 1773 1067 1818 me
1095 1775 1115 1819 a
1142 1759 1175 1820 Ie

218 1842 319 1910 videri
341 1843 444 1926 nolui,
466 1863 534 1908 non
557 1842 643 1907 enim
665 1840 800 1908 vidisses
822 1841 956 1908 fratrem
978 1845 1084 1926 duum,
1105 1863 1176 1908 non
1282 1883 1283 1888 κ

218 1953 301 2015 eum,
323 1953 419 2015 quem
439 1931 628 2014 reliqueras,
654 1951 723 1996 non
745 1951 832 2013 eum,
854 1950 950 2012 quem
971 1950 1084 2013 noras,
1105 1952 1175 1996 non

218 2041 301 2103 eum,
323 2041 418 2103 quem
441 2017 522 2084 flens
540 2017 680 2102 flentem,
702 2020 949 2101 prosequentem
966 2017 1176 2102 proficiscens

218 2107 394 2191 dimiseras,
410 2128 452 2172 ne
466 2106 637 2192 vestigium
652 2106 780 2190 quidem
798 2105 867 2171 eius
885 2125 945 2170 nee
959 2105 1176 2191 simulacrum,

218 2194 274 2261 sed
297 2195 459 2280 quandam
481 2195 622 2280 effigiem
645 2193 798 2278 spirantis
816 2193 944 2259 morcui.
980 2192 1089 2278 Atque
1111 2195 1175 2260 uti-

217 2306 295 2350 nam
316 2305 368 2351 me
390 2286 552 2362 mortuum
574 2283 664 2367 prius
686 2282 820 2348 uidisses
844 2284 901 2348 aui
927 2281 1084 2346 audisses!
1112 2284 1175 2348 uli·

217 2393 294 2437 nam
316 2376 349 2436 te
371 2393 440 2437 non
462 2372 567 2436 solum
584 2370 679 2454 vilae,
701 2370 758 2436 sed
775 2370 873 2434 eiiam
892 2368 1060 2458 dignilaiis
1081 2391 1175 2436 meae

191 2460 424 2611 rsupelrlsiiiem
455 2459 667 2542 reliquissem!
683 2455 783 2610 r&Sed
814 2461 917 2524 tesior
948 2479 1060 2614 cmmrlrlps
1097 2459 1174 2611 deo}

218 2568 270 2611 mc
321 2567 358 2610 ac
385 2566 451 2610 una
473 2566 550 2611 voce
582 2567 681 2610 amo
764 2567 833 2610 esse
856 2565 971 2611 revoca
1108 2569 1153 2612 uo

219 2655 331 2699 omnes
353 2634 388 2699 in
414 2655 487 2699 mea
513 2633 581 2698 vita
602 2635 728 2717 pardem
751 2635 892 2718 aliquam
913 2637 989 2698 tuae
1016 2569 1109 2699 vitale1
1124 2657 1175 2699 re-

217 2724 358 2808 positam
380 2743 450 2790 esse
472 2721 634 2786 dicebant:
659 2743 722 2806 qua
743 2722 779 2788 in
800 2743 836 2787 re
857 2722 986 2806 peccavi
1005 2721 1174 2791 scelerate

218 2833 279 2896 que
310 2812 386 2895 ieci3
421 2831 513 2896 nam,
549 2809 576 2875 si
608 2810 808 2895 occidissem,
842 2831 941 2881 mors,
962 2809 1037 2894 'ipsa
1067 2832 1176 2878 meam
1282 2859 1283 2892 ,

217 2899 370 2984 pietatem
393 2920 597 2982 amoremque
623 2898 660 2962 in
681 2901 713 2962 ’ce
740 2897 835 2965 facile
858 2896 1056 2962 defenderet:
1085 2920 1175 2964 nunc

218 2986 376 3071 commisi,
397 2990 435 3051 ui
456 3008 507 3051 me
530 2987 603 3052 viva
626 3007 764 3071 careres,
785 2987 859 3052 rivo
881 3007 933 3051 me
956 2985 1027 3050 aliis
1049 2986 1174 3072 indige-

216 3097 282 3160 ras,
312 3096 384 3140 mea
414 3095 478 3142 uox
508 3075 543 3138 in
574 3073 756 3140 domeslicis
787 3074 937 3159 periculis
968 3073 1174 3158 potissimum
1282 3137 1283 3166 3

216 3161 388 3246 occideret,
418 3181 500 3247 quae
523 3183 617 3247 saepe
641 3162 843 3228 alienissimis
866 3161 1026 3246 praesidio
1048 3161 1174 3228 fuisset
1282 3249 1283 3258 ἵ

216 3249 311 3335 Nam,
333 3249 419 3334 quod
442 3250 483 3316 ad
504 3253 537 3316 te
555 3251 652 3335 ‚pueri
674 3251 743 3316 sine
766 3250 882 3316 litteris
904 3254 1072 3334 venerunt,
1095 3272 1174 3334 quo·
1282 3263 1283 3278 ¹

214 3338 305 3403 niam
334 3336 425 3403 vides
456 3357 524 3403 non
554 3338 654 3402 luisse
685 3337 884 3404 iracundiam
911 3359 1055 3421 causam,
1087 3341 1175 3404 certe

286 3492 338 3563 Ep.
362 3499 438 3561 a,1.
473 3493 625 3564 „Epc...
648 3493 824 3550 noluerim?“
851 3495 946 3564 (W.)..
971 3492 1174 3564 Epo...ae·

217 3561 334 3618 luerim?
352 3563 449 3635 vulgo.
486 3570 510 3617 2.
529 3580 585 3632 quc
602 3564 634 3618 iu
651 3580 681 3618 re
693 3567 806 3633 peccaui
825 3567 878 3635 (a).
914 3579 997 3633 quare
1015 3562 1061 3632 M,
1077 3563 1172 3633 vulgo.
