2578 3978
368 214 628 274 EPISTOLARUM
646 216 693 270 III.
713 221 735 270 7.
757 221 782 270 8.
1010 213 1052 280 73

529 467 619 536 VIII.

107 583 155 642 Sor.
168 583 197 642 in
209 586 310 642 easuie
324 585 357 641 in
371 599 440 656 agro
448 581 662 715 Μορεηὴεεὺίἵεόἶ
672 605 696 643 a.
711 587 737 641 d.
749 585 822 642 VIII.
837 583 903 640 Idus
917 583 1051 640 Octobres

479 675 503 713 a.
522 677 549 714 u.
569 677 591 714 e.
665 701 671 714 .

292 789 336 848 M.
358 790 487 848 CICERO
508 793 534 848 S.
554 792 587 847 D.
606 793 662 848 ΑΡ.
680 791 857 848 PULCHRO.

161 897 247 985 lltsi,
274 903 435 986 quantum
460 923 500 966 ex
525 902 591 966 tuis
612 903 729 967 litteris
750 903 931 991 intelligere
953 903 1053 988 potui,
1072 913 1087 962 1

100 988 245 1054 ridebam
266 991 301 1054 to
323 989 410 1054 hane
433 991 616 1074 epistolam,
638 1013 737 1074 quum
760 991 801 1056 ad
823 994 936 1058 urbem
959 1013 1054 1076 esses,

99 1099 165 1143 esse
195 1077 358 1143 lecturum
389 1078 579 1164 refrigerato
610 1079 676 1144 iam
710 1079 873 1147 levissimo
906 1101 1053 1146 sermone

96 1165 266 1232 hominum
279 1166 535 1250 provincialium,
552 1171 672 1252 tamen,
690 1189 790 1252 quum
807 1172 844 1234 tu
861 1173 930 1233 tam
943 1168 1053 1233 multis

97 1255 201 1320 verbis
225 1255 268 1318 ad
295 1275 346 1318 me
374 1255 413 1319 de
439 1255 661 1339 improborum
690 1257 836 1322 oratione
863 1257 1054 1342 scripsisses,

94 1343 282 1408 laciendum
299 1343 380 1408 mihi
398 1344 519 1428 putari,
536 1348 575 1408 ut
591 1345 657 1408 tuis
674 1346 791 1410 fitteris
813 1347 903 1413 brevi
921 1367 1052 1430 respon-

94 1433 214 1496 derem.
251 1429 315 1496 Sed
338 1431 443 1515 prima
465 1432 528 1497 duo
552 1432 659 1515 oapita
677 1434 832 1518 epistolae
854 1439 929 1500 tuae
952 1435 1086 1501 taaitu²

92 1520 178 1585 mihi
208 1520 446 1605 quodammodo
477 1521 688 1605 relinquenda
723 1526 813 1606 sunt3
848 1523 931 1589 nihil
966 1524 1053 1588 enim

91 1609 235 1693 habent,
266 1608 352 1693 quod
383 1609 551 1674 definitum
582 1610 626 1673 sit
656 1613 713 1674 aut
744 1615 879 1696 eertum,
911 1612 975 1677 nisi
1001 1633 1052 1676 me
1109 1627 1112 1634 '

91 1698 192 1762 vultu
214 1702 244 1762 et
262 1697 484 1762 taciturnitate
502 1697 700 1782 significasse
717 1700 779 1764 tibi
797 1721 865 1766 non
883 1722 951 1766 esse
975 1701 1052 1764 ami·

90 1807 186 1868 eum,
211 1785 307 1868 idque
334 1807 393 1869 pro
420 1785 588 1869 tribunali,
621 1809 720 1870 quum
747 1789 867 1872 aliquid
895 1792 1052 1875 ageretur,

90 1877 124 1938 et
148 1874 318 1938 nonnullis
335 1874 372 1938 in
390 1874 544 1940 conviviis
564 1875 704 1962 intelligi
720 1877 873 1960 potuisse.
909 1875 981 1942 Hoe
997 1883 1051 1943 to·

88 1967 167 2027 tum
196 1961 277 2026 nihil
303 1983 372 2028 esse
399 1984 532 2048 possum
562 1963 756 2048 intelligere3
787 1966 856 2049 sed,
884 1988 983 2051 quum
1010 1967 1053 2032 sit

89 2040 190 2134 nilrss⁷
211 2071 253 2115 ue
275 2051 330 2134 qui
352 2050 477 2114 dieatur
495 2049 625 2135 quidem
642 2053 802 2138 intelligo:
824 2054 904 2118 illud
923 2054 1052 2138 quidem

92 2138 176 2222 seio,
197 2159 286 2204 meos
307 2138 428 2204 multos
451 2143 484 2204 et
505 2141 647 2204 illustres
670 2145 703 2206 et
725 2163 763 2205 ex
781 2141 943 2226 superiore
962 2145 995 2205 et
1013 2163 1052 2207 ex

94 2249 201 2312 aequo
223 2228 294 2292 loeo
313 2248 476 2293 sermones
493 2228 623 2293 habitos
641 2249 714 2294 oum
731 2232 789 2294 tua
811 2251 936 2294 summa
956 2230 1051 2304 laude

93 2319 128 2380 et
156 2337 232 2380 oum
257 2335 378 2401 magna
404 2316 638 2402 significatione
665 2319 796 2384 nostrae
822 2318 1052 2385 familiaritatis

48 2445 53 2456 ·
96 2405 138 2468 sd
162 2407 197 2468 te
219 2425 292 2470 vere
314 2404 457 2488 potuisse
480 2404 606 2470 deferri.
641 2405 736 2491 Nam,
758 2407 845 2492 quod
863 2407 904 2472 ad
925 2408 1051 2493 legatos

95 2493 229 2576 attinet,
257 2492 333 2576 quid
360 2514 453 2559 ame
480 2493 550 2558 fieri
576 2495 684 2578 potuit
710 2498 767 2560 aut
793 2496 972 2581 elegantius
995 2500 1052 2562 aut

92 2580 223 2664 iustius,
245 2602 342 2665 quam
364 2584 402 2646 ut
423 2585 570 2666 sumptus
588 2583 867 2669 egentissimarum
885 2585 1052 2652 civitatum

93 2670 277 2734 minuerem
308 2670 377 2734 sine
408 2671 476 2735 ulla
510 2669 736 2737 imminutione
768 2673 936 2758 dignitatis
967 2677 1051 2758 tuae,

93 2758 288 2843 praesertim
307 2758 386 2843 ipsis
400 2759 584 2844 ciuitatibus
597 2760 859 2843 postulantibus?
881 2783 958 2827 nam
971 2763 1051 2829 mihi

92 2849 204 2911 totum
222 2867 325 2931 genus
342 2845 542 2931 legationum
560 2850 617 2913 tuo
630 2849 761 2913 nomine
779 2849 1051 2934 proficiscentium

93 2938 212 2999 notum
235 2955 302 3000 non
325 2937 402 2998 erat.
438 2934 602 3020 Apameae
625 2959 724 3020 quum
743 2959 855 3024 essem,
876 2940 1051 3006 multarum

94 3023 265 3086 civitatum
287 3023 448 3107 principes
475 3024 516 3088 ad
539 3045 590 3106 me
613 3025 798 3090 detulerunt
824 3031 970 3113 sumptus
998 3029 1052 3092 de-

93 3111 186 3174 cerni
203 3110 320 3196 legatis
339 3111 435 3175 nimis
454 3133 600 3198 magnos,
619 3133 718 3196 quum
737 3115 889 3181 solvendo
904 3117 1052 3180 civitates

92 3220 165 3263 non
179 3202 295 3262 essent.
329 3197 392 3263 Hie
411 3219 471 3285 ego
490 3200 593 3266 multa
611 3201 706 3266 simul
724 3203 872 3288 cogitavi.
907 3203 1050 3266 Primum
1069 3219 1086 3267 a

167 3423 219 3495 Ep.
246 3432 275 3494 8,
294 3432 319 3480 2.
369 3429 418 3496 qai
441 3427 551 3484 dicatur
570 3429 645 3499 (W.).
695 3431 764 3499 quid
784 3431 810 3484 d.
828 3429 879 3496 M„
902 3427 995 3498 vulgo.
1014 3457 1049 3470 -

92 3511 199 3565 mapsa
216 3497 285 3566 sien.
310 3495 415 3566 (Orat).
465 3516 500 3553 m.
519 3500 703 3556 sollicitudine
722 3500 789 3568 (soll.
808 3515 842 3552 ex
859 3501 940 3567 parte
959 3500 1050 3566 eraso)

91 3567 165 3638 sinn
183 3565 222 3620 Μ.
257 3584 292 3622 m.
312 3567 520 3641 [sollieitudine]
538 3586 560 3624 s.
578 3570 609 3624 B.
