2644 3988
401 228 658 286 EPISTOLARUM
676 229 709 284 x.
730 236 771 284 aa.
791 236 833 284 aa
919 185 920 188 Ἴ
1030 230 1095 295 325

135 373 277 459 incitati,
313 373 496 438 iracundias
528 377 636 440 autem
667 374 783 441 harum
813 396 921 440 rerum
951 380 1096 442 recentes

135 463 316 528 habebant:
340 463 426 547 quod
448 461 606 546 Lepidum
629 464 788 550 castigare
811 485 879 529 non
903 463 1096 548 destiteram,

135 555 175 615 ut
198 551 418 637 exstingueret
439 551 568 634 bellum,
591 552 677 637 quod
695 553 856 637 colloquia
873 553 962 618 facta
978 553 1096 636 impro-

136 640 271 725 babam,
298 639 384 724 quod
406 640 531 725 legatos
554 639 617 705 fide
639 639 753 725 Lepidi
780 642 896 707 missos
923 641 964 706 ad
988 641 1097 705 mein

137 732 348 814 conspectum
366 729 475 794 venire
494 733 667 814 vetuerant,
686 731 772 814 quod
791 728 825 796 Ο.
844 728 972 796 Catium
991 729 1097 794 Vesti-

137 839 232 903 num,
258 818 426 882 tribunum
449 817 528 900 mil,
555 819 689 883 missum
716 819 757 884 ab
781 817 927 885 Antonio
955 817 996 882 ad
1023 839 1097 882 eum

16 948 20 956 -
138 928 213 970 cum
235 905 353 971 litteris
376 927 574 991 exceperam:
597 908 632 972 in
656 928 718 991 quo
737 907 822 972 hano
841 908 933 993 capio
951 907 1097 990 volupta-

138 1001 223 1082 tem,
248 993 334 1080 quod
362 998 461 1077 certe,
488 1016 552 1079 quo
575 996 679 1081 magis
702 1017 753 1061 me
780 998 977 1080 petiverunt,
1004 998 1097 1059 tanto

138 1082 296 1148 maiorem
317 1083 357 1149 iis
379 1083 548 1148 frustratio
573 1084 716 1150 dolorem
739 1084 857 1150 attulit
903 1085 962 1168 Tu,
984 1085 1029 1148 mi
1048 1080 1133 1148 (li-6

139 1193 224 1254 cero,
246 1172 332 1256 quod
351 1171 457 1238 adhuc
474 1168 596 1256 fecisti,
610 1173 696 1236 idem
714 1176 852 1257 praesta,
870 1177 907 1237 ut
925 1173 1098 1257 vigilanter

138 1282 339 1344 nervosaque
362 1282 432 1346 nos,
455 1261 511 1346 qui
534 1263 655 1326 stamus
678 1262 714 1326 in
734 1261 811 1345 acie,
834 1262 999 1326 subornas.
1035 1259 1098 1324 Ve-

138 1349 212 1414 niat
231 1346 350 1414 Caesar
368 1371 442 1415 cum
460 1350 570 1434 copiis,
593 1370 672 1434 quas
690 1350 790 1416 habet
807 1349 1015 1432 firmissimas,
1034 1351 1099 1433 aut,

139 1439 170 1502 si
201 1438 307 1524 ipsum
339 1439 447 1523 aliqua
482 1460 533 1504 res
564 1438 711 1522 impedit,
747 1439 904 1504 exereitus
940 1438 1100 1520 mittatur,

140 1527 233 1592 cuius
263 1527 364 1611 ipsius
396 1547 551 1614 magnum
581 1528 760 1611 periculum
793 1528 912 1613 agitur:
944 1525 1099 1610 quidquid

140 1615 316 1699 aliquando
339 1615 485 1682 futurum
502 1615 566 1681 fuit
587 1616 622 1680 in
640 1617 753 1682 castris
771 1617 969 1700 perditorum
988 1617 1102 1680 contra

141 1705 295 1790 patriam,
321 1703 385 1770 hoe
412 1725 507 1770 omne
534 1705 599 1769 iam
626 1705 790 1788 convenit3
821 1727 880 1788 pro
908 1704 996 1770 urbis
1023 1723 1101 1768 vero

142 1793 248 1858 salute
267 1814 324 1858 cur
341 1814 409 1858 non
430 1793 579 1860 omnibus
597 1792 816 1877 facultatibus,
838 1815 918 1877 quas
936 1792 1102 1876 habemus,

15 1945 24 1962 ,
143 1881 295 1946 utamur?
332 1880 424 1958 Quod
448 1882 477 1948 si
494 1903 551 1948 vos
569 1881 643 1946 istic
661 1903 729 1947 non
750 1880 924 1964 defueritis,
946 1880 1102 1964 profecto,

143 1968 232 2054 quod
264 1970 305 2034 ad
336 1992 387 2036 me
420 1970 551 2055 attinet,
587 1970 736 2035 omnibus
767 1969 864 2035 rebus
896 1968 1023 2034 abunde
1055 1967 1103 2031 rei

142 2059 293 2145 publicae
316 2059 522 2125 satisfaciam.
559 2057 604 2122 Te
623 2058 761 2143 quidem,
778 2058 823 2122 mi
837 2055 958 2142 Cicero,
979 2057 1015 2120 in
1035 2056 1102 2120 dies
1122 2071 1137 2119 r

144 2146 343 2212 mehercules
374 2147 479 2214 habeo
507 2147 663 2212 cariorem
695 2145 989 2230 sollicitudinesque
1015 2165 1103 2210 meas

144 2235 289 2320 quotidie
317 2237 420 2321 magis
447 2240 505 2302 tua
531 2235 647 2300 merita
674 2237 847 2319 exacuunt,
873 2255 915 2300 ne
943 2233 1020 2318 quid
1047 2235 1105 2297 aut

145 2347 187 2389 ex
219 2345 327 2389 amore
359 2329 416 2389 aut
448 2346 487 2391 ex
515 2325 633 2390 iudicio
665 2328 722 2390 tuo
750 2322 892 2408 perdam.
942 2321 1040 2407 Opto,
1067 2324 1105 2386 ut

145 2413 228 2478 mihi
245 2413 342 2477 liceat
358 2413 424 2478 iam
441 2413 605 2498 praesenti
623 2407 742 2498 pietate
760 2435 906 2478 meorum
924 2411 1104 2476 officiorum

144 2507 206 2566 tna
228 2501 384 2568 beneficia
403 2502 464 2566 tibi
486 2503 592 2568 facere
610 2502 808 2569 iucundiora.
843 2515 919 2564 vm.
942 2499 1019 2566 Idus
1033 2499 1104 2564 Iun.

147 2587 320 2674 Cularone,
343 2611 382 2654 ex
403 2590 523 2656 finibus
546 2589 770 2676 Allobrogum.

566 2785 687 2850 XXIV.

189 2903 208 2944 ἱ
249 2897 329 2974 ἐπ.
349 2897 497 2953 incastris
516 2897 549 2950 V.
568 2895 630 2950 Kal.
651 2895 770 2950 Sextiles
789 2912 813 2950 a.
833 2914 859 2950 u.
880 2912 902 2949 c.
923 2901 981 2950 711.

222 3020 389 3076 PLANCUS
412 3019 484 3076 IMP.
509 3018 581 3075 COS.
607 3019 723 3075 DESIG.
747 3019 774 3074 S.
797 3019 830 3074 D.
854 3018 1031 3075 CICERONI.

218 3121 337 3188 Facere
360 3143 429 3188 non
450 3142 592 3205 possum,
615 3121 694 3205 quin
716 3121 751 3184 in
774 3120 918 3206 singulas
941 3140 992 3184 res
1015 3118 1142 3182 meri-1

147 3216 249 3298 taque
272 3215 329 3276 tua
355 3210 415 3275 tibi
443 3209 565 3295 grades
589 3229 698 3294 agam,
726 3208 781 3274 sed
803 3207 1001 3274 mehercules
1023 3206 1108 3272 facio

148 3322 226 3366 cum
248 3299 385 3383 pudore,
410 3319 514 3382 neque
543 3299 629 3362 enim
650 3301 744 3362 tanta
765 3295 982 3379 necessitudo,
1009 3316 1107 3378 quan-

224 3508 275 3580 Ep.
295 3515 342 3578 23,
362 3514 386 3564 5.
423 3505 610 3578 improbarem
633 3507 785 3576 (Corrad.)t
832 3513 855 3560 6.
883 3507 933 3560 boc
955 3519 1031 3560 cmm
1053 3505 1109 3559 iam

149 3579 221 3651 (M).
257 3581 310 3635 bac
327 3595 352 3636 o.
371 3581 390 3636 i.
410 3577 465 3647 On,
484 3579 514 3634 B.
