2644 3988
238 215 304 280 384
521 214 558 268 M.
578 212 701 268 TULLII
719 211 911 268 CICERONIS

238 359 400 425 sententia
431 358 517 422 dicta
546 357 722 442 productus
755 380 827 422 snm
857 358 893 422 in
929 358 1119 423 concionem
1154 361 1199 424 ab

235 448 369 514 tribuno
387 448 430 532 pl.
444 445 488 512 Μ.
507 444 655 512 Servilio:
678 446 744 510 dixi
762 446 801 510 dc
819 449 861 528 te,
884 467 966 529 quae
984 447 1085 530 potui,
1102 451 1200 515 tanta

236 537 455 618 cbntentionc,
473 539 631 619 quantum
648 535 756 600 forum
774 537 833 619 est,
850 538 944 600 tanto
962 535 1103 601 clamore
1121 557 1198 601 con·

238 647 399 710 sensuque
421 623 547 710 populi,
573 626 611 688 ut
636 623 718 687 nihil
741 645 895 707 umquam
922 623 1025 689 simile
1052 624 1198 690 viderim.

238 713 277 778 Id
298 714 396 778 velim
417 712 499 777 mihi
519 713 669 798 ignoscas
692 711 778 795 quod
800 711 904 776 invito
926 733 1020 777 socru
1038 716 1097 778 tna
1113 713 1198 779 fece-

237 803 312 866 rim:
344 801 459 866 mulier
490 800 604 865 tImida
626 801 810 883 verebatur,
841 821 882 865 nc
913 799 1038 865 Pansae
1068 802 1198 867 animus

237 891 463 955 offenderetur.
504 889 545 954 ln
568 889 722 954 concione
745 889 874 973 quidem
895 888 1004 954 Pansa
1026 890 1108 954 dixit
1129 913 1197 956 ma-

238 983 322 1044 trem
345 1000 472 1063 quoque
498 983 590 1043 tuam
617 980 650 1042 et
670 977 806 1041 fratrem
828 977 918 1042 illam
947 1000 967 1042 a
993 1000 1045 1042 me
1068 983 1197 1044 senten-

239 1068 319 1132 tiam
337 1067 479 1133 noluisse
498 1066 573 1146 dici3
597 1065 653 1130 sed
671 1086 722 1130 me
740 1065 821 1129 haec
839 1087 907 1130 non
925 1067 1109 1152 movebant,
1133 1069 1199 1133 alia

237 1154 401 1220 valebant:
435 1154 585 1220 favebam
607 1158 641 1218 et
663 1154 710 1218 rei
727 1154 884 1238 publicae,
907 1155 958 1218 cui
977 1176 1103 1240 semper
1120 1157 1199 1242 favi,

202 1248 273 1308 aet
295 1245 447 1330 dignitati
470 1265 507 1309 ac
530 1242 652 1329 gloriae
675 1245 759 1307 tuae.
796 1241 889 1319 Quod
911 1246 1073 1308 autemst
1095 1245 1131 1308 in
1150 1268 1198 1311 se·

239 1337 319 1398 natu
350 1333 497 1417 pluribus
528 1331 634 1396 verbis
662 1331 796 1396 disserui
824 1335 857 1395 et
878 1331 943 1396 dixi
969 1332 1006 1396 in
1032 1333 1198 1415 concione,

239 1421 275 1484 in
297 1443 335 1487 eo
358 1421 455 1486 velim
481 1419 576 1484 fidem
604 1441 709 1484 meam
736 1419 865 1502 liberes3
894 1421 1028 1504 promisi
1054 1423 1141 1486 enim
1164 1426 1199 1488 et

239 1531 340 1593 prope
363 1507 551 1574 confirmavi
577 1511 610 1572 te
632 1529 701 1574 non
723 1512 924 1593 exspectasse
951 1530 1011 1574 nec
1033 1515 1198 1595 exspecta-

238 1601 348 1662 turum
372 1597 500 1661 decreta
521 1599 647 1679 nostra,
674 1597 730 1662 sed
752 1601 785 1661 te
807 1597 914 1681 ipsum
935 1601 993 1663 tuo
1017 1621 1106 1664 more
1128 1622 1198 1664 rem

239 1686 402 1770 publicam
422 1685 637 1750 defensurum.
673 1685 727 1769 ut,
749 1707 945 1770 quamquam
963 1687 1122 1752 nihildum
1142 1711 1196 1753 au-

176 1850 178 1856 ,
239 1775 414 1857 dieramus,
440 1795 501 1838 nec
527 1773 584 1839 ubi
611 1795 697 1839 esses
719 1795 780 1839 neo
807 1797 887 1858 quas
914 1775 1024 1859 copias
1050 1776 1197 1862 haberes,
1312 1843 1313 1854 ἶ

238 1867 350 1929 tamen
373 1863 419 1929 sic
442 1862 634 1946 statuebam,
656 1884 778 1947 omneS,
800 1885 882 1947 quae
905 1863 1029 1929 inistis
1048 1866 1196 1949 partibus
1312 1863 1313 1868 ’

239 1957 348 2020 esseut
371 1973 448 2038 opes
471 1952 659 2036 copiaeque,
681 1955 861 2036 tuasesse,
884 1955 1059 2038 perteque
1082 1954 1195 2020 Asiam

238 2042 438 2126 provinciam
465 2040 666 2107 confidebam
697 2040 763 2105 iam
793 2041 1013 2124 reipublicae
1040 2043 1195 2128 recipera-

237 2135 315 2283 ganp.
369 2129 433 2202 Tu¹
449 2129 502 2195 fac
533 2130 569 2194 in
599 2129 749 2215 augenda
779 2129 883 2214 gloria
912 2133 945 2195 te
975 2131 1045 2216 ipse
1077 2133 1194 2198 vincas.

271 2241 329 2284 ae.

671 2410 762 2476 VIII.

286 2523 342 2578 Ser.
362 2523 468 2578 Romae
485 2539 580 2578 mense
598 2524 678 2579 Iunio
696 2525 773 2594 (post
789 2521 861 2580 VIII.
881 2524 932 2596 ld.)
951 2541 977 2580 a
995 2541 1022 2580 u.
1041 2541 1064 2580 c.
1085 2533 1146 2582 ⁷11.

531 2646 659 2704 CICERO
678 2647 802 2704 CASSIO
822 2648 897 2704 SAL.

123 2835 124 2838 Ἴ
205 2761 220 2810 1
306 2745 416 2812 Scelus
439 2748 547 2813 affinis
574 2748 624 2813 tui
645 2747 759 2832 Lepidi
787 2770 1008 2834 summamque
1030 2749 1197 2816 levitatem
1308 2755 1309 2758 ’

239 2839 274 2899 et
295 2836 548 2903 inconstantiam
574 2859 613 2902 cx
640 2837 735 2921 actis,
761 2859 843 2921 quae
870 2838 911 2902 ad
937 2842 970 2902 te
998 2838 1084 2902 mitti
1107 2844 1195 2905 certo

241 2924 317 3008 scio,
336 2944 492 3008 cognosse
510 2929 544 2989 te
563 2925 714 2990 arbitror:
736 2926 845 3009 itaque
859 2947 920 2992 nos
938 2926 1086 2992 confecto
1100 2927 1198 3012 bello,
1307 2983 1308 3008 ,

239 3016 277 3077 ut
299 3011 548 3096 arbitrabamur,
570 3017 760 3080 renovatum
782 3015 903 3079 bellum
926 3015 1067 3100 gerimus
1091 3037 1197 3100 spem-

240 3123 301 3186 que
330 3122 458 3166 omnem
485 3103 521 3165 in
547 3101 587 3166 D.
616 3101 718 3168 Bruto
750 3105 784 3166 et
813 3101 934 3167 Planco
965 3103 1136 3186 habemus,
1169 3105 1198 3168 si
1306 3171 1307 3182 ,

239 3213 350 3256 verum
379 3190 519 3274 quaeris,
545 3190 581 3253 in
607 3194 640 3254 te
668 3194 701 3255 et
725 3191 761 3256 in
788 3189 831 3254 M.
854 3189 971 3274 Bruto,
997 3213 1066 3256 non
1089 3183 1198 3257 solum

239 3278 280 3342 ad
312 3300 464 3363 praesens
499 3278 696 3364 perfugium,
728 3280 768 3364 si,
801 3279 887 3363 quod
917 3279 1032 3364 nolim,
1068 3279 1197 3346 adversi
1305 3325 1306 3372 ,

308 3456 359 3526 Ep.
380 3461 452 3523 r,1.
484 3457 648 3511 attribuero
672 3457 746 3526 (W).
778 3459 816 3514 aa
833 3464 867 3512 tr.
886 3459 924 3513 Μ.
952 3477 971 3514 o
989 3466 1022 3514 tr.
1045 3460 1141 3532 vulgo.
1160 3493 1197 3504 -

237 3525 365 3578 calebant
387 3527 521 3594 (Kranae).
560 3526 694 3580 malebam
714 3526 752 3581 M.
775 3529 868 3598 vulgo.
909 3529 960 3600 Ep.
984 3537 1014 3600 8,
1039 3537 1062 3586 1.
1093 3533 1126 3586 io
1149 3533 1197 3589 M.

239 3592 330 3648 Bruto
349 3593 461 3662 (tiron).
494 3597 526 3651 in
542 3611 599 3650 mco
616 3596 652 3649 B.
671 3595 722 3663 M,
741 3598 835 3666 vulgo.
