2644 3988
259 253 326 316 402
544 252 584 306 II.
602 251 726 306 TULLII
744 251 936 308 CICERONIS
981 259 994 280 ‘

260 400 298 462 ut
316 397 356 461 iis
374 418 445 462 mos
463 396 624 482 gerendus
641 397 693 480 sit,
710 397 828 480 quibus
845 397 1046 463 adiutoribus
1065 399 1108 463 sit
1125 404 1223 484 parta

259 485 404 550 victoria
447 484 608 570 Equidem
634 484 681 548 sic
703 485 769 549 iam
791 485 942 569 obdurui,
968 489 1006 552 ut
1032 487 1119 551 ludis
1143 485 1221 553 Cae·

261 574 342 638 saris
364 574 470 639 nostri
491 574 599 639 enimc
622 573 816 657 aequissimo
838 575 980 640 riderem
999 573 1035 640 Τ.
1053 574 1222 660 Plancum,

260 662 405 728 audirem
427 660 556 726 Laberii
583 666 617 728 et
641 661 773 726 Publilii
803 666 963 746 poemata
1015 661 1109 728 Nihil
1140 665 1220 728 mibi

259 755 329 815 tam
360 750 469 815 deesse
501 752 583 816 scito
614 773 712 835 quam
743 751 873 835 quicum
903 751 985 816 haec
1014 751 1220 818 familiariter

261 839 417 924 docteque
439 839 574 904 rideam:
601 840 793 924 intueris,
819 839 848 903 si
875 861 972 923 quam
998 839 1140 924 primum
1167 863 1219 906 ve·

260 929 361 1011 neris3
388 927 474 1012 quod
495 931 534 992 ut
554 929 669 1013 facias,
695 950 764 993 nou
791 949 864 993 mee
891 930 1010 1012 solum,
1036 928 1093 994 sed
1122 929 1219 994 etiam

260 1018 317 1081 tua
339 1017 494 1081 interesse
517 1017 665 1081 arbitror.

695 1209 783 1276 XIX·
903 1213 908 1224 .

454 1321 512 1379 Sor.
531 1323 638 1378 Romae
656 1323 709 1378 sub
726 1323 810 1378 finem
829 1339 854 1379 ι
872 1339 900 1380 ι
918 1339 941 1378 c
962 1329 1021 1379 708.

240 1519 243 1525 ι
512 1445 641 1513 CICERO
660 1445 868 1502 CORNIFICIO
889 1446 963 1502 SAL:

226 1559 240 1605 1
326 1545 551 1612 libentissime
574 1547 640 1632 legi
661 1551 735 1612 tuas
757 1546 892 1631 litteras,
913 1547 1084 1631 inquibus
1105 1546 1218 1612 iucun-

261 1634 434 1700 dissimum
454 1636 535 1700 mihi
561 1636 637 1718 fuit,
666 1634 753 1720 quod
779 1635 918 1721 cognovi
944 1657 1032 1700 meas
1058 1635 1121 1699 tibi
1148 1637 1218 1700 red·

260 1722 344 1792 ditas
367 1746 450 1808 esse3
472 1745 540 1790 non
562 1724 650 1788 enim
672 1723 874 1807 dubitabam,
901 1724 980 1808 quin
1001 1743 1056 1788 eas
1078 1723 1219 1790 libenter

258 1813 401 1878 lecturus
432 1834 532 1896 esses,
562 1812 710 1895 verebar,
740 1815 779 1876 ut
808 1809 1026 1878 redderentur.
1079 1809 1219 1896 Bellum,

260 1903 345 1984 quod
369 1902 476 1966 estin
499 1900 605 1986 Syria,
631 1898 820 1985 Syriamque
846 1899 1046 1985 provinciam
1072 1899 1135 1964 tibi
1161 1903 1219 1964 tri·
1313 1913 1314 1964 ἴ

258 1989 371 2054 butam
394 2011 463 2055 esse
486 2012 506 2054 a
528 1987 664 2054 Caesare
687 2011 726 2054 ex
747 1989 813 2054 tuis
834 1989 951 2054 litteris
969 1988 1121 2074 cognovi:
1146 2011 1219 2054 eam

259 2079 388 2162 quidem
418 2100 487 2143 rem
524 2078 585 2142 tibi
616 2079 690 2143 volo
726 2077 808 2142 bene
840 2081 873 2141 et
907 2077 1044 2142 feliciter
1074 2078 1220 2161 evenire3

259 2167 345 2250 quod
371 2169 419 2232 ita
449 2162 520 2234 fore
552 2166 679 2232 confido
705 2165 809 2231 fretus
835 2168 870 2230 et
890 2165 1050 2232 industria
1081 2169 1115 2229 et
1141 2187 1219 2250 pru·

223 2266 239 2314 r
259 2254 369 2321 dentis
390 2261 456 2320 tua
502 2254 574 2339 sen
596 2254 635 2320 de
657 2253 801 2318 Parthici
825 2254 902 2318 belli
924 2253 1106 2338 suspicione
1130 2255 1219 2338 quod

259 2344 386 2427 scribis,
413 2365 491 2408 sane
522 2365 575 2409 me
602 2343 787 2409 commovit:
819 2343 896 2424 occid
925 2343 1091 2427 copiarum
1118 2342 1218 2407 habe-

257 2452 323 2515 res,
350 2453 450 2514 quum
475 2433 544 2516 ipse
567 2432 752 2497 coniectura
779 2431 932 2515 consequi
958 2433 1119 2515 poteram⁷
1146 2434 1219 2495 tum
1311 2503 1312 2506 Ἴ

258 2539 298 2583 ex
328 2521 394 2584 tuis
424 2520 540 2584 litteris
572 2520 724 2606 cognovi:
755 2519 864 2603 itaque
896 2522 989 2604 opto,
1019 2540 1061 2582 ne
1093 2540 1127 2583 se
1160 2519 1219 2584 illa

259 2627 340 2692 gens
362 2611 491 2673 moveat
512 2608 575 2673 hoc
596 2611 751 2693 tempore,
772 2606 849 2673 dum
871 2607 913 2673 ad
935 2610 969 2672 te
990 2608 1136 2693 legiones
1160 2629 1218 2673 eae

257 2695 490 2782 perducantur,
521 2718 601 2782 quas
628 2697 723 2762 audio
756 2695 842 2779 duci3
874 2695 959 2780 quod
987 2696 1014 2760 si
1040 2717 1135 2780 pares
1165 2715 1217 2761 co·

258 2784 329 2868 pias
356 2785 398 2850 ad
425 2785 664 2871 confligendum
690 2806 758 2851 non
784 2784 933 2868 habebis,
961 2805 1029 2849 non
1055 2787 1087 2848 te
1110 2784 1218 2870 fugiet

258 2873 308 2936 uti
330 2875 464 2940 consilio
491 2873 535 2939 M
557 2872 681 2957 Bibuli,
707 2873 764 2958 qui
790 2894 824 2938 se
851 2872 970 2958 oppido
997 2873 1217 2938 munitissimo

106 2997 110 3006 ·
259 2964 292 3024 et
325 2963 545 3046 copiosissimo
576 2962 700 3027 tamdiu
736 2962 854 3045 tenuit,
890 2960 1044 3046 quamdiu
1074 2961 1111 3026 in
1141 2983 1217 3046 pro-

223 3050 365 3116 evincia
390 3050 504 3117 Parthi
530 3051 670 3116 fuerunt
715 3048 779 3116 Sed
805 3050 885 3115 haec
912 3050 1026 3115 melius
1054 3070 1094 3114 ex
1119 3070 1155 3114 re
1183 3053 1218 3114 et

258 3159 298 3202 ex
323 3142 468 3224 tempore
500 3141 689 3205 constitues:
720 3139 801 3203 milri
828 3137 956 3223 quidem
988 3159 1090 3222 usque
1120 3158 1217 3202 curae

259 3227 329 3312 erit,
352 3228 429 3313 quid
450 3249 544 3314 ages,
566 3228 656 3312 dum,
678 3226 755 3312 quid
778 3227 895 3313 egeris,
918 3227 1029 3292 sciero.
1073 3224 1217 3292 Litteras

329 3451 444 3522 E.18‚
458 3459 483 3508 2,
512 3453 633 3508 Parrasi
646 3453 687 3521 (B.
701 3454 788 3523 prael.
803 3453 839 3508 ad
853 3454 938 3510 Attic.
952 3469 980 3578 ἒ
994 3453 1079 3524 VIII).
1117 3453 1217 3508 nursi

259 3520 306 3588 m,
324 3470 418 3591 wigo.
463 3523 515 3646 ΕΕ.
536 3529 617 3590 19,1.
653 3539 712 3576 eom
734 3525 918 3607 quidsenserit
941 3527 951 3592 l
976 3525 1035 3593 ru).
1081 3524 1175 3579 eden
1192 3541 1216 3579 r.

259 3588 298 3642 M.
334 3606 393 3644 eom
409 3607 466 3646 rem
508 3632 523 3660 .,
540 3593 572 3646 Β.
609 3598 633 3646 3.
661 3593 726 3648 baec
743 3600 775 3648 ta
792 3595 888 3650 cultas
905 3595 989 3663 (W.)?
