2578 3982
262 205 523 262 EPIS'I'OLARUM
536 206 587 261 AD
602 205 633 272 Q.
647 204 823 274 FRATREM
836 207 858 260 l.
870 211 895 262 3.
993 204 1060 270 585

105 350 237 435 pigritia
258 350 323 416 fuit
345 354 378 415 et
400 351 556 435 quaedam
578 347 706 414 infinita
724 351 776 416 -vis
802 351 1006 415 lacrimarum
1029 353 1062 416 et

107 439 262 504 dolorum.
298 437 388 503 Haeo
410 439 481 522 ipsa
502 460 554 503 me
577 459 640 522 quo
663 439 741 504 fletu
757 442 854 522 putas
874 435 1091 522 seripsisse'ls

106 527 219 592 eodem
226 547 321 611 ,quo
343 530 376 590 te
399 527 505 612 legere
532 531 617 591 uerte
640 529 715 592 seio.
763 525 819 593 Au
844 547 906 612 ego
928 546 1061 627 possum

107 615 164 678 aut
185 635 254 679 nou
277 614 419 699 cogitare
443 614 615 698 aliquando
635 614 673 680 de
691 619 724 680 te
743 618 801 680 aut
816 635 970 707 umquam
993 615 1062 682 sine

106 703 246 767 lacrimis
269 702 435 788 cogitare?
463 723 561 786 quum
584 703 670 768 euim
691 706 724 770 te
747 693 907 786 desidero,
927 703 1085 767 trahem·

107 791 211 856 solum
238 790 406 856 desidero?
438 811 499 876 ego
530 811 606 857 vero
634 791 792 856 suavitate
818 813 919 876 prope
946 811 1061 874 aequa·

106 879 184 963 lem,
211 878 365 963 obsequio
387 876 502 963 filium,
526 879 660 944 oonsilio
683 881 863 964 parentem3
885 877 962 963 quid
982 879 1062 942 mihi

107 967 176 1030 siue
203 970 236 1031 te
263 987 416 1050 umquam
444 970 501 1032 aut
522 968 583 1032 tibi
606 968 675 1032 sine
702 989 754 1032 me
781 965 955 1032 ineundum
977 965 1063 1032 fuit?

107 1052 205 1140 Quid,
236 1055 322 1139 quod
354 1055 466 1120 eodem
493 1059 637 1140 tempore
669 1054 814 1120 desidero
845 1054 967 1120 filiam?
1000 1076 1063 1138 qua

106 1142 242 1227 pietate,
268 1161 333 1227 qua
359 1143 530 1228 modestia,
558 1165 622 1228 quo
649 1143 795 1228 ingenio!
827 1144 966 1228 effigiem
989 1144 1063 1226 oris,

109 1232 275 1316 sermonis,
298 1231 398 1298 animi
420 1232 491 1296 mei.
536 1231 655 1312 †Quid
673 1231 779 1296 filium
802 1231 1063 1296 venustissimum

107 1319 249 1403 mihique
273 1319 514 1385 dulcissimum?
536 1341 632 1404 quem
655 1341 716 1404 ego
738 1319 827 1385 ferus
845 1330 883 1385 ιι
904 1319 1064 1385 ferreuse

109 1408 277 1491 complexu
304 1407 411 1473 dimisi
437 1428 524 1493 meo,
551 1409 778 1510 sapientiorem
803 1429 938 1492 puerum
967 1427 1064 1491 quam

107 1495 237 1580 vellem,
269 1495 430 1561 sentiebat
460 1496 546 1562 enim
568 1498 665 1563 miser
691 1497 770 1599 iam,
801 1497 878 1580 quid
906 1500 1064 1582 ageretur.

107 1582 449 1662 †Qu1drsrotuum
480 1585 596 1669 filium,
626 1585 802 1670 imaginem
833 1589 938 1669 tuam,
969 1605 1064 1668 quem

108 1692 198 1736 meus
221 1669 332 1737 Cicero
355 1676 389 1736 et
411 1672 542 1736 amabat
567 1636 605 1737 ut
630 1673 765 1737 fratrem
792 1673 861 1736 et
851 1695 916 1737 iam
939 1675 976 1736 ut
998 1693 1064 1736 ma·

109 1760 211 1824 iorem
241 1759 375 1823 fratrem
405 1759 598 1824 verebatur?
653 1758 750 1843 Quid,
782 1759 866 1842 quod
898 1760 1064 1823 mulierem

109 1846 336 1930 miserrimam,
366 1845 585 1911 fidelissimam
617 1847 801 1932 coniugem,
831 1868 883 1910 me
914 1847 1065 1931 prosequi

109 1955 178 1999 ιιοιι
201 1955 272 1999 sum
294 1954 419 2018 passus,
441 1938 479 1998 ut
497 1937 589 2017 esset,
613 1955 694 2018 quae
711 1934 863 2018 reliquiar
886 1935 1065 2000 eommunis

110 2021 318 2105 calamitatis,
349 2041 534 2086 communes
564 2023 682 2087 liberos
713 2022 879 2087 tueretur?
925 2021 988 2088 Sed
1018 2026 1093 2086 tae

110 2132 195 2194 men,
216 2131 346 2194 quoquo
369 2109 465 2174 modo
488 2111 590 2195 potui,
611 2111 724 2195 soripsi
742 2114 775 2175 et
792 2110 866 2176 dedi
882 2110 1007 2175 litteras
1026 2111 1066 2175 ad

110 2203 144 2263 te
171 2199 368 2283 Philogono,
398 2198 515 2262 liberto
542 2201 613 2283 tuo,
645 2219 724 2282 quas
754 2198 849 2264 or'edo
871 2199 932 2263 tibi
954 2203 1067 2282 postea

110 2286 253 2352 redditas
285 2307 367 2369 esse,
398 2286 434 2350 in
466 2287 581 2371 quibus
608 2287 693 2351 idem
723 2291 756 2352 te
782 2286 897 2352 hortor
922 2290 956 2350 et
976 2307 1067 2372 rogo,

112 2373 199 2459 quod
221 2374 313 2459 pueri
335 2374 395 2438 tibi
418 2375 524 2440 verbis
546 2375 627 2440 meis
646 2375 848 2459 nuntiarunt,
869 2379 907 2441 ut
929 2373 1067 2440 Romam

110 2463 260 2548 protinus
282 2482 400 2547 pergas
423 2466 456 2526 et
477 2483 644 2565 properes:
664 2464 805 2567 primum
822 2425 908 2528 ehim
925 2467 958 2527 te
976 2485 1067 2548 prae·

111 2551 193 2616 sidio
218 2571 286 2616 esse
309 2550 405 2633 volui,
428 2550 456 2614 si
479 2552 534 2634 qui
556 2552 695 2616 esseut
685 2552 816 2636 rnimioi,
839 2573 975 2636 quorum
998 2572 1067 2617 oru-

112 2639 228 2703 delitae
263 2638 408 2703 nondum
443 2641 529 2703 esset
568 2643 681 2704 nostra
715 2639 898 2704 calamitate
936 2640 1068 2723 satiata3

113 2726 227 2791 deiude
255 2746 446 2811 congressus
473 2729 549 2790 nost
549 2727 577 2790 ιι
534 2727 872 2791 tlamentetiouem
903 2727 1068 2810 pertimui,

113 2815 294 2900 digressum
316 2835 392 2879 vero
410 2833 478 2879 non
496 2815 651 2900 tulissem,
673 2817 769 2897 atque
788 2814 935 2880 etiamid
952 2814 1069 2899 ipsum,

113 2902 200 2988 quod
221 2906 258 2969 tu
282 2902 407 2981 scribis,
434 2901 630 2986 metuebam,
655 2921 697 2965 ne
727 2923 748 2966 a
768 2923 820 2966 me
843 2901 978 2967 distrahi
999 2923 1068 2967 non

111 3011 234 3076 posses.
278 2989 340 3056 His
362 2990 401 3056 de
424 2991 529 3056 eaesis
549 2990 611 3056 hoe
634 2989 808 3056 maximum
829 2991 960 3074 malum,
981 2990 1068 3074 quod

185 3181 237 3252 Ep.
257 3188 321 3251 3,3.
357 3183 498 3238 &neseio
520 3179 633 3252 (mar).
679 3187 788 3238 ratos
812 3182 959 3253 vulgo.-
977 3183 1068 3236 amvi

112 3257 169 3308 tate
186 3251 1069 3322 propterquam(PetramhaRp.107,fortaseeexaltero

113 3323 210 3380 codiee
228 3323 285 3392 Μ..)
321 3339 342 3377 s.
357 3339 446 3392 prope
462 3321 576 3390 fratruo
595 3338 682 3392 prope
704 3339 759 3391 aeq.
782 3321 865 3376 Mltl.
910 3336 931 3377 a
953 3322 1069 3406 fratrem

107 3393 366 3532 propepeqtllrrr,
360 3393 407 3462 ,.Β
427 3393 868 3534 Ἱᾶιιεῒᾱιρῐιιιιιβιιιιηέάιιη)
905 3392 1070 3532 mwemeaed

107 3411 269 3604 {thAE
277 3464 441 3605 vmedoocddi
459 3467 657 3606 (hqd)
569 3464 615 3533 f(
740 3463 783 3534 Qu
831 3478 893 3518 wo
1003 3465 1069 3533 Η
