2556 3986
356 245 614 304 EPISTOLARUM
632 246 693 300 xv.
713 252 824 338 rr-le.
1001 241 1067 308 523

106 392 249 456 eandem
286 392 488 456 elementiam
524 395 656 476 expema
691 393 776 456 essai
811 388 935 474 Africa,
971 411 1067 474 quam

107 481 268 566 eognovii
293 477 386 564 Asia,
412 502 509 564 quam
537 482 634 545 etiam
656 477 782 544 Achaia
808 483 853 562 ie,
880 481 917 543 ut
944 478 1067 563 opinor,

107 569 185 653 ipso
207 569 316 653 iegato
345 589 381 633 ao
409 568 629 652 depreoaiore3
655 568 781 633 amissis
808 571 917 632 autem
944 569 1066 651 tempo·

108 657 326 742 ribus,·quae
351 657 526 741 plurimum
551 658 673 740 valent,
699 656 888 741 praesertim
913 655 949 719 in
975 655 1067 719 bellis

111 744 271 829 civilibus,
292 745 501 830 interpositus
524 767 629 810 annus
653 745 733 810 alios
752 744 888 827 induxis,
910 746 948 808 ut
969 743 1067 808 vicho·

110 833 197 898 riam
219 837 394 918 sperarent,
416 833 505 918 alios,
527 837 565 899 ut
583 834 691 919 ipsum
712 833 798 898 vinoi
816 833 1067 898 contemnerent.

110 919 222 1006 Atque
259 922 378 987 horum
412 923 571 988 malorum
602 921 746 988 omnium
777 923 905 1005 eulpam
935 920 1068 986 fortuna

108 1011 266 1093 sustinei3
294 1011 365 1094 quis
393 1010 479 1075 enim
511 1014 570 1076 aui
594 1009 806 1074 Alexandrini
834 1009 911 1074 belli
941 1010 1068 1072 taniam

111 1121 238 1163 moram
266 1098 343 1164 huio
365 1099 449 1164 bello
477 1098 664 1168 adiunctum
690 1099 731 1162 iri
753 1101 810 1162 aut
835 1097 945 1162 neseio
972 1117 1068 1181 quem

110 1187 212 1254 isium
225 1185 425 1253 Pharnacem
442 1186 540 1252 Asiae
558 1190 715 1252 terrorem
733 1185 900 1251 illaturum
917 1183 1067 1269 putaret?

111 1274 183 1342 Nos
205 1279 316 1341 tamen
341 1276 377 1340 in
404 1275 537 1340 oonsilio
564 1275 636 1360 pari
663 1295 739 1339 casu
766 1273 913 1339 dissimili
939 1272 990 1337 usi
1017 1288 1101 1336 sua

112 1386 198 1429 mus:
224 1367 262 1429 tu
289 1363 375 1428 enim
402 1385 474 1428 eam
499 1367 626 1448 partem
653 1363 776 1447 potissi,
804 1365 842 1426 ui
871 1365 904 1426 ei
925 1361 1068 1426 consiliis

112 1453 284 1519 interesses
317 1455 363 1537 et,
398 1452 484 1536 quod
515 1452 652 1516 maxime
684 1473 794 1516 euram
824 1451 923 1535 levat,
958 1449 1068 1514 futura

111 1541 222 1608 animo
240 1542 422 1626 prospicere
440 1561 564 1624 possem
587 1561 657 1625 eg0,
679 1540 735 1623 qui
753 1539 913 1622 fesiinavi,
935 1541 972 1602 ut
990 1535 1068 1602 Oee-

111 1652 218 1696 sarem
240 1631 275 1694 in
297 1629 393 1694 Italia
419 1629 559 1694 viderem
583 1664 625 1675 -
649 1627 695 1692 sio
724 1628 810 1692 enim
833 1626 1069 1691 arbitrabamur

114 1753 157 1766 -
188 1739 322 1800 eumque
354 1717 464 1781 multis
482 1715 730 1781 „honestissimis
762 1715 839 1781 viris
870 1715 1067 1781 conservaiis

114 1805 302 1870 redeuntem
329 1805 370 1868 ad
397 1824 509 1886 paoem
536 1806 730 1888 currentem,
756 1806 794 1868 ui
820 1803 925 1888 aiunt,
955 1803 1068 1867 inoiia-

116 1914 197 1976 rem,
225 1891 344 1957 abillo
367 1891 554 1976 longissime
577 1894 611 1956 ei
637 1891 750 1956 absum
773 1894 805 1956 ei
827 1891 903 1956 afui.
948 1890 1069 1957 Versor

115 1983 224 2048 autem
245 1981 282 2046 in
304 1979 427 2066 gemitu
447 1978 560 2044 Italiae
579 1982 612 2045 ei
628 1979 665 2044 in
682 1980 770 2044 urbis
789 1979 975 2045 miserrimis
994 2001 1069 2064 que·

115 2071 198 2156 ralis,
228 2067 344 2155 quibus
368 2068 488 2152 aliquid
512 2068 582 2152 opis
602 2068 741 2134 fortasse
764 2089 825 2154 ego
847 2090 906 2153 pro
929 2090 1010 2150 meo,
1032 2070 1069 2132 iu

115 2182 174 2244 pro
197 2163 267 2242 tua,
294 2179 353 2242 pro
377 2178 435 2222 sua
458 2157 591 2241 quisque
617 2159 709 2241 parte
731 2157 816 2222 ferre
842 2157 1014 2241 potuisset,
1042 2157 1069 2221 si

116 2251 228 2314 auctor
247 2246 398 2312 affuisset.
433 2243 538 2320 Quare
557 2245 653 2311 velim
670 2267 729 2330 pro
738 2249 805 2330 *tua
822 2248 979 2329 perpetua
991 2264 1069 2330 erga
1087 2258 1105 2306 4

116 2356 167 2400 me
190 2333 415 2402 benevolentia
438 2333 558 2399 scribas
581 2333 623 2398 ad
651 2355 716 2418 me,
743 2332 820 2417 quid
843 2331 965 2417 videas,
992 2332 1069 2416 quid

116 2422 249 2508 sentias,
281 2422 357 2508 quid
389 2421 651 2507 exspectandum,
682 2420 760 2506 quid
791 2420 953 2506 agendum
975 2419 1069 2485 nobis

116 2512 286 2578 existimes.
330 2509 444 2598 Magni
471 2513 566 2577 erunt
592 2509 673 2574 mihi
697 2513 773 2574 tuae
802 2509 942 2594 litterae,
973 2509 1069 2593 atque

117 2601 240 2668 utinam
262 2599 374 2686 primis
401 2600 479 2684 illis,
506 2619 585 2683 quas
612 2597 747 2664 Luceria
774 2597 919 2682 miseras,
946 2597 1069 2682 paruis-

118 2689 196 2754 sem!
220 2689 289 2756 sine
311 2689 377 2756 ulla
399 2689 487 2756 enim
508 2687 657 2752 molestie
680 2685 872 2770 dignitatem
893 2707 999 2750 meam
1020 2707 1069 2752 re·

55 2865 61 2880 ι
117 2776 292 2844 tinuissem.

547 2949 637 3018 XVI.

283 3056 340 3114 Sor.
360 3057 466 3112 Romae
483 3071 578 3112 mense
596 3053 726 3110 Ianuario
744 3069 769 3108 a.
788 3071 815 3108 u.
834 3069 858 3109 o.
878 3057 937 3110 709.

324 3180 387 3235 -Μ,
407 3177 534 3235 CICERO
554 3178 581 3234 S.
600 3179 633 3233 D.
653 3177 682 3234 0.
702 3176 835 3234 CASSIO.

180 3269 264 3338 Puto
288 3273 320 3335 te
345 3265 432 3359 [iam]
458 3270 648 3354 suppudere,
670 3290 766 3354 quem
783 3268 863 3333 haee
885 3268 983 3332 teriia
1005 3266 1070 3331 iam
1091 3279 1104 3329 1

118 3359 252 3446 epistola
275 3361 351 3424 ante
374 3357 547 3444 oppressit,
575 3379 672 3443 quam
698 3359 735 3422 iu
759 3357 880 3421 scidam
907 3360 964 3421 aut
986 3355 1070 3420 liere-

185 3515 236 3588 Ep.
258 3521 299 3586 16,
315 3522 339 3585 1,
375 3519 401 3570 te
420 3514 499 3586 [iam]
522 3507 676 3584 sappodere
698 3512 794 3582 (aaa).
839 3515 865 3568 ta
886 3511 943 3566 iam
960 3525 981 3566 s.
1004 3510 1069 3566 ΜΒ.

121 3615 151 3628 -
173 3603 249 3658 quem
271 3586 336 3643 haee
417 3589 481 3642 aare
502 3585 636 3656 oppressit
660 3582 775 3654 (Giton).
821 3598 882 3637 eam
903 3583 929 3637 h.
1008 3586 1072 3637 aare
