2556 3986
310 197 312 202 ’
368 207 628 264 EPISTOLARUM
646 209 706 282 XV.
725 217 750 264 4.
972 210 1034 275 511

76 352 135 417 sed
158 352 215 436 ita,
238 352 265 415 si
289 374 357 417 non
377 353 521 418 ieiunum
542 353 605 419 hoc
627 355 736 419 nescio
759 355 844 440 quid,
867 356 952 440 quod
976 375 1036 440 ego

76 441 180 527 gessi,
207 444 241 506 et
267 441 538 507 contemnendum
565 442 738 528 videbitur,
765 443 821 508 sed
848 445 912 508 tale
941 447 1036 526 atque

74 533 223 613 tantum,
249 532 288 594 ut
308 530 403 594 multi
428 551 632 614 nequaquam
655 532 786 616 paribus
813 533 908 596 rebus
936 530 1036 596 hono-

75 640 132 684 res
146 639 290 682 summos
304 639 323 682 a
337 622 451 683 senatu
471 620 634 684 consecuti
653 621 727 684 sint.
761 619 920 704 Equidem
939 620 1037 684 etiam

75 706 161 772 illud
183 706 264 770 mihi
286 707 430 771 animum
453 707 629 772 advertisse
652 708 764 774 videor
785 745 829 756 —
852 709 915 773 scis
942 709 1038 791 enim,

78 817 179 879 quam
201 797 324 860 attente
346 797 379 860 te
403 795 513 860 audire
537 796 657 862 soleam
676 831 728 879 -,
749 799 783 861 te
805 818 873 860 non
894 799 964 860 tam
986 817 1037 860 res

78 885 190 968 gestas
214 904 311 967 quam
332 904 452 968 mores,
479 885 500 964 †
523 885 674 950 instituta
696 889 792 968 atque
815 885 916 950 vitam
938 885 1037 968 impe

77 973 225 1036 ratarum
253 975 397 1054 spectare
425 973 526 1037 solere
554 973 589 1038 in
615 972 773 1037 habendis
800 976 950 1039 autnon
981 973 1037 1038 ha·

77 1059 194 1124 bandis
217 1060 408 1144 honoribus;
431 1060 517 1144 quod
540 1061 567 1125 si
589 1061 625 1126 in
647 1082 719 1125 mea
741 1082 838 1126 causa
857 1061 1037 1128 considera-

78 1149 145 1232 bis,
171 1147 310 1232 reperies
338 1169 389 1212 me
417 1149 556 1214 exercitu
583 1149 743 1214 imbecillo
776 1153 890 1215 contra
915 1153 1038 1215 metum

78 1236 212 1300 maximi
225 1236 302 1301 belli
315 1236 533 1302 firmissimum
545 1238 741 1322 praesidium
761 1237 914 1304 habuisse
932 1238 1037 1321 aequi-

78 1327 182 1388 tatem
214 1327 248 1390 et
277 1325 523 1390 continentiam
555 1325 607 1391 his
635 1348 695 1412 ego
724 1327 874 1391 subsidiis
902 1348 940 1391 ea
967 1346 1038 1390 sum

80 1415 288 1496 consecutus,
310 1435 392 1498 quae
414 1413 513 1479 nullis
535 1415 718 1501 legionibus
741 1415 894 1498 consequi
917 1415 1037 1498 potuis·

81 1523 163 1584 sem,
194 1504 233 1566 ut
264 1523 303 1582 er
335 1503 538 1569 alienissimis
561 1504 655 1569 sociis
678 1503 902 1588 amicissimos,
929 1524 968 1567 ex
990 1503 1038 1567 in-

79 1589 274 1656 fidelissimis
302 1590 503 1659 firmissimos
534 1593 699 1657 redderem
729 1592 917 1675 animosque
939 1613 1037 1656 nova-

80 1702 154 1744 rum
166 1701 274 1744 rerum
288 1682 526 1764 exspectatione
541 1701 713 1765 suspensos
727 1680 768 1744 ad
782 1680 898 1745 veteris
913 1679 1038 1763 imperii

80 1767 341 1831 benevolentiam
366 1769 575 1832 traducerem.
621 1766 684 1832 Sed
710 1767 808 1832 nimis
829 1768 909 1833 haec
937 1767 1039 1831 multa
1059 1779 1091 1830 15

83 1855 122 1918 de
145 1875 206 1937 me,
227 1855 416 1938 praesertim
439 1854 480 1918 ad
502 1857 544 1938 te,
566 1875 667 1939 aquo
686 1875 753 1940 uno
773 1855 917 1920 omnium
938 1855 1038 1919 socio·

82 1941 1039 2114 ttttdt&bittitutttttttmzttbdd”itt
1079 1959 1090 1982 ’

83 2139 184 2202 prope
206 2138 365 2184 consensu
388 2118 427 2181 de
449 2139 500 2181 me
523 2118 608 2201 apud
623 2081 664 2182 'te
682 2138 729 2201 ea,
752 2117 931 2201 quaemihi
950 2120 1039 2200 opta·

82 2206 209 2270 tissima
227 2209 312 2290 sunt,
330 2205 569 2288 praedicabunt,
587 2209 657 2269 tum
671 2205 753 2269 duae
767 2205 925 2269 maximae
944 2206 1038 2269 clien-

84 2294 167 2360 telae
194 2295 283 2377 tuae,
305 2291 428 2378 Cyprus
455 2293 563 2358 insula
590 2297 624 2358 et
646 2291 867 2378 Cappadociae
894 2313 1040 2378 regnum,

83 2387 190 2447 tecum
213 2381 252 2447 de
274 2403 326 2446 me
348 2382 530 2466 loquentur,
553 2385 632 2466 puto
657 2382 755 2446 etiam
777 2400 886 2465 regem
909 2380 1039 2446 Deiota·

83 2492 164 2554 rum,
187 2470 241 2554 qui
264 2470 321 2534 uni
344 2471 404 2536 tibi
427 2474 476 2535 est
498 2471 636 2534 maxime
659 2469 867 2535 necessarius.
905 2468 993 2545 Quae
1012 2471 1039 2534 si
1103 2504 1105 2508 ·

85 2560 181 2624 etiam
202 2559 326 2625 maiora
345 2561 422 2624 sunt
443 2563 477 2622 et
492 2559 528 2623 in
547 2559 696 2624 omnibus
718 2559 853 2623 saeculis
871 2559 1039 2642 pauciores

85 2646 144 2709 viri
174 2647 293 2730 reperti
325 2650 415 2731 sunt,
442 2648 496 2731 qui
524 2669 598 2712 suas
627 2646 832 2732 cupiditates,
859 2668 956 2731 quam
984 2648 1040 2732 qui

85 2734 234 2799 hostium-
249 2736 357 2820 copias
379 2735 554 2819 vincerent,
577 2739 627 2800 est
648 2735 793 2820 profecto
816 2738 918 2818 tuum,
941 2757 1039 2821 quum

86 2821 125 2886 ad
157 2843 208 2887 res
239 2823 370 2888 bellicas
402 2823 494 2908 haec,
526 2844 608 2908 quae
638 2823 762 2888 rariora
795 2825 827 2887 et
859 2822 1039 2888 difficiliora

86 2913 173 2995 sunt,
200 2931 319 2996 genera
345 2911 474 2977 virtutis
501 2912 697 2996 adiunxeris,
724 2912 811 2995 ipsas
839 2911 936 2975 etiam
966 2912 1038 2976 illas

84 3021 134 3064 res
156 3003 265 3084 gestas
287 2999 437 3065 iustiores
460 3020 529 3066 esse
552 3004 586 3065 et
607 3000 744 3065 maiores
766 3002 889 3085 putare.
925 2997 1037 3064 Extre-
1060 3011 1091 3061 16

85 3109 172 3152 mum
197 3087 278 3153 illud
305 3091 367 3173 est,
393 3092 431 3152 ut
458 3089 550 3172 quasi
577 3087 726 3152 diffidens
757 3087 920 3172 rogationi
949 3109 1038 3152 meae

152 3261 203 3331 Ep.
223 3265 306 3330 4,14.
342 3261 507 3327 Mandata
530 3265 611 3330 atque
631 3262 716 3314 vitam
733 3260 781 3330 (W
784 3261 808 3328 .).
853 3261 932 3325 inst,
954 3261 1039 3314 vitam

84 3331 148 3402 (W.)
176 3332 227 3385 aut
252 3331 433 3400 institutaque
459 3336 484 3385 et
509 3347 533 3385 o.
563 3330 637 3400 (W.)
690 3335 731 3384 15.
759 3333 878 3398 putant,
906 3345 1038 3399 aaronque

84 3401 160 3525 (Ἥ.
191 3419 228 3471 p.
258 3401 290 3471 Q.
308 3402 402 3471 vulgo.
422 3431 455 3441 -
474 3402 522 3469 aaut
539 3402 592 3455 aad
609 3401 661 3456 tabi
680 3399 736 3468 (a,
754 3399 858 3470 vulgo).
900 3400 948 3468 qui
966 3416 1038 3455 unua

84 3477 96 3525 t
162 3473 205 3596 ,)]ἳ3
225 3500 259 3512 -
287 3472 414 3526 iratiores
441 3469 501 3539 (lt,
523 3470 629 3541 vulgo).
679 3471 852 3525 caluariae
878 3469 966 3540 Man,
991 3471 1037 3526 W.
