2644 3988
381 204 641 260 EPISTOLARUM
658 203 719 258 XII.
740 209 782 256 13.
801 207 843 256 14.
1026 197 1091 262 391

133 351 278 416 triticum
311 349 396 434 apud
427 349 631 434 Dolabellam
659 351 720 412 est:
752 346 816 411 nisi
848 345 924 429 quid
955 343 1092 407 navibus

134 437 390 504 Laodicenorum
413 437 622 522 supportarit,
644 437 707 501 cito
729 436 816 499 fame
834 436 945 518 pereat
962 452 1092 496 necesse

134 532 200 610 est3
225 548 267 591 ne
299 529 489 610 supportare
521 525 638 610 possit,
670 528 703 589 et
734 521 837 589 Cassii
869 521 980 587 classis
1010 520 1092 584 bene

135 636 270 701 magna,
297 615 348 679 cui
375 617 504 699 praeest
527 612 677 679 Sextilius
699 611 818 696 Rufus,
848 615 880 676 ct
902 613 982 694 tres,
1013 629 1093 694 quas

134 726 197 769 nos
216 702 415 788 adduximus,
434 724 504 788 ego,
523 701 695 786 Turullius,
712 699 868 784 Patiscus,
889 699 984 764 facile
1002 718 1094 781 prae·

134 792 280 856 stabunt.
331 790 378 856 Te
400 791 474 856 volo
501 791 584 855 bene
612 811 740 874 sperare
768 792 801 854 et
827 811 896 853 rem
921 786 1095 872 publicam,

136 883 254 945 utros
281 879 354 944 istic
382 879 568 964 expedistis,
594 878 641 944 ita
669 900 728 964 pro
756 881 869 943 nostra
895 879 987 961 parte
1015 875 1094 940 cele·
1187 873 1192 881 “

134 968 216 1032 riter
237 989 260 1032 u
285 965 380 1033 nobis
408 968 549 1053 expediri
576 988 671 1052 posse
700 966 869 1031 confidere.
919 963 1009 1031 Vale.
1054 961 1095 1027 D.

135 1055 219 1121 Idib.
242 1056 314 1121 Iun.
336 1054 453 1142 Cypro,
477 1078 496 1120 a
519 1053 807 1140 Crommyuacride.

570 1249 659 1316 XIV.

273 1361 330 1417 Ser.
349 1363 456 1433 Pergae
474 1361 522 1416 IV.
541 1362 636 1416 Nonas
655 1361 748 1415 Iunias
767 1377 793 1414 a.
813 1377 839 1414 n.
857 1375 882 1416 e.
901 1363 961 1413 711.

308 1483 501 1540 LENTULUS
520 1483 690 1539 CICERONI
710 1482 778 1552 SUO
798 1483 825 1539 S.
843 1483 874 1537 P.
893 1481 925 1536 D.

207 1583 313 1660 Quum
326 1583 465 1650 Brutum
482 1589 629 1650 nostrum
643 1583 863 1650 convenissem
882 1602 1017 1666 eumque
1031 1583 1095 1644 tar·
1116 1589 1133 1640 1

139 1673 213 1738 dius
235 1673 270 1736 in
293 1671 406 1738 Asiam
423 1677 595 1738 venturum
616 1672 913 1755 animadverterem,
934 1672 970 1734 in
983 1669 1096 1736 Asiam

140 1761 235 1846 redii,
262 1765 299 1825 ut
320 1761 472 1846 reliquias
499 1762 563 1826 mei
589 1761 708 1826 laboris
735 1761 920 1846 colligerem
948 1761 981 1824 et
1002 1779 1096 1843 pecu-

139 1850 230 1916 niam
266 1871 363 1932 quam
394 1851 535 1935 primurn
569 1849 707 1914 Romam
743 1849 912 1914 mitterem.
961 1845 1097 1912 Interim

141 1939 281 2023 cognovi
303 1939 338 2002 in
360 1938 460 2024 Lycia
482 1959 551 2003 esse
574 1939 709 2002 classem
730 1936 918 2002 Dolabellae
946 1935 1097 2020 amplius·

141 2049 205 2110 que
228 2030 358 2091 centum
379 2049 479 2092 naves
503 2026 675 2109 onerarias,
697 2027 732 2089 in
750 2048 830 2110 quas
849 2023 1006 2089 exereitus
1029 2023 1097 2087 eius

142 2115 268 2200 imponi
289 2120 408 2199 posset,
430 2115 525 2200 idque
548 2113 751 2180 Dolabellam
778 2135 816 2178 ea
837 2115 946 2177 mente
969 2133 1097 2195 compa·

142 2225 242 2284 rasse,
263 2206 309 2286 ut,
331 2205 359 2268 si
382 2202 492 2288 Syriae
520 2225 593 2287 spes
620 2225 693 2266 eum
715 2203 873 2266 frustrata
899 2203 996 2284 esset,
1023 2220 1097 2263 con·

142 2290 311 2356 scanderet
340 2293 376 2356 in
407 2314 506 2356 naves
534 2296 567 2356 et
592 2291 720 2356 Italiam
746 2293 871 2376 peteret
896 2309 993 2372 seque
1025 2308 1098 2352 cum

142 2378 297 2444 Antoniis
325 2384 358 2445 et
384 2381 516 2465 reliquis
542 2380 723 2446 latronibus
753 2379 976 2462 coniungeret:
1008 2375 1099 2440 euius

141 2469 191 2532 rei
214 2471 305 2533 tanto
329 2469 364 2534 in
386 2469 502 2534 timore
528 2469 589 2553 fui,
615 2471 653 2533 ut
680 2468 829 2533 omnibus
855 2465 951 2530 rebus
978 2463 1098 2529 relictis

143 2578 218 2620 cum
240 2557 445 2640 paucioribus
473 2560 506 2620 et
528 2557 705 2622 minoribus
728 2555 865 2620 navibus
894 2554 935 2620 ad
956 2554 1029 2618 illas
1051 2553 1098 2616 ire

74 2695 79 2706 .
144 2648 281 2709 conatus
309 2645 379 2710 sim.
425 2643 605 2728 Quaeres,
632 2646 660 2710 si
687 2667 707 2708 a
733 2644 869 2710 Rhodiis
900 2663 968 2708 non
995 2649 1134 2706 essem2

143 2733 382 2818 interpellatus,
417 2733 554 2798 fortasse
586 2737 657 2798 tota
692 2732 820 2797 sublata
856 2733 954 2814 esset,
989 2733 1100 2794 tamen

145 2841 266 2906 magna
298 2843 337 2886 ex
367 2825 459 2906 parte
490 2820 663 2906 profligata
691 2824 754 2903 est,
785 2818 939 2904 quoniam
971 2818 1099 2903 quidem

144 2910 257 2974 classis
280 2909 436 2994 dissipata
457 2913 508 2974 est
530 2909 686 2974 adventus
708 2908 813 2973 nostri
834 2907 959 2991 timore,
980 2907 1100 2970 milites

144 2997 304 3082 ducesque
333 2997 527 3084 effugerunt,
555 2997 719 3062 onerariae
747 3018 859 3062 omnes
887 2995 928 3060 ad
954 2999 1100 3060 anama

144 3086 241 3151 nobis
265 3091 341 3152 sunt
364 3091 523 3171 exceptae.
567 3082 661 3151 Certe
676 3086 824 3170 -quod
846 3084 983 3150 maxime
1005 3083 1102 3148 timui

145 3211 189 3222 —-
212 3175 323 3240 videor
345 3197 414 3240 esse
436 3179 636 3259 consecutus,
657 3177 695 3238 ut
716 3196 785 3241 non
806 3173 910 3259 possit
930 3171 1102 3236 Dolabella

144 3263 181 3327 in
203 3262 333 3328 Italiam
355 3264 522 3348 pervenire
544 3284 605 3328 nee
627 3263 694 3328 suis
717 3262 812 3328 sociis
834 3260 971 3324 firmatis
989 3260 1100 3324 durius

217 3471 269 3542 Ep.
285 3480 326 3540 13,
341 3477 366 3528 4.
394 3490 413 3527 a
431 3472 666 3542 Oroormyoacrc‘de
683 3471 758 3541 (W.).
795 3468 1044 3540 acrcmumyacn‘de
1061 3467 1100 3524 M.
1218 3435 1219 3438 .

144 3559 165 3598 a
183 3542 422 3614 Crommyuacride
439 3543 534 3616 vulgo.
