2578 3978
231 242 272 306 12
511 241 548 295 M.
570 241 693 296 TULLII
711 239 901 296 CICERONIS

229 385 384 451 dicturos:
407 405 514 470 quare,
537 384 615 469 quid
633 385 760 469 assequi
777 386 890 469 possis,
912 405 980 450 non
997 387 1066 448 tam
1088 383 1207 448 facile

229 476 279 538 est
295 473 390 539 nobis
409 495 506 558 quam
523 473 592 557 tibi,
610 473 700 537 euius
718 495 818 557 prope
836 473 871 536 in
889 476 1064 556 conspectu
1077 471 1206 558 Aegy-
1287 475 1288 522 l

227 565 304 646 ptus
326 565 385 646 est,
406 562 560 644 iudieare3
582 581 643 627 nos
661 561 789 644 quidem
810 559 874 627 hoc
899 561 1064 644 sentimus,
1086 561 1115 625 si
1133 581 1205 625 ex·
1287 573 1288 646 l

229 651 391 734 ploratum
413 651 474 714 tibi
501 650 544 714 sit
565 671 659 734 posse
686 652 718 712 te
745 649 832 714 illius
858 649 951 734 regni
977 649 1090 734 potiri,
1117 670 1204 734 non
1287 659 1288 720 l

229 759 299 803 esse
327 737 556 819 cunctandum,
586 738 614 801 ai
635 737 769 802 dubium
792 737 847 820 sit,
873 759 941 803 non
967 757 1036 802 esse
1064 743 1204 802 con'an-

229 825 314 890 dum.
353 825 438 891 Illud
461 825 522 889 tibi
544 825 680 908 affirmo,
702 825 730 890 si
751 846 820 888 rem
842 826 939 890 istam
961 846 999 889 ex
1022 827 1203 890 sententia
1287 843 1288 884 r

230 914 375 998 gesseris,
396 913 476 996 ¹fore,
493 916 531 978 ut
548 913 665 977 absens
684 934 704 976 a
720 913 841 996 multis,
863 934 962 998 quum
978 913 1122 998 redieris,
1144 915 1203 978 ab

229 1002 379 1066 omnibus
410 1001 603 1083 collaudere,
635 1000 844 1066 offensionem
871 1023 940 1066 esse
970 1001 1201 1085 periculosam
1287 1039 1288 1114 ,

228 1093 361 1174 propter
378 1089 603 1174 interpositam
621 1089 846 1155 auctoritatem
864 1090 1116 1175 religionemque
1139 1091 1200 1155 vi·
1287 1119 1288 1174 p

230 1177 302 1262 deo;
325 1178 381 1244 sed
404 1198 464 1263 ego
486 1182 529 1262 te,
550 1181 588 1242 ut
610 1178 651 1242 ad
671 1181 792 1242 certam
810 1178 939 1242 laudem
957 1178 1121 1262 adhortor,
1139 1179 1199 1244 sic
1287 1177 1288 1264 l

229 1287 249 1328 a
263 1266 467 1330 dimicatione
485 1267 629 1332 deterreo
647 1265 806 1349 redeoque
819 1266 861 1330 ad
878 1266 968 1349 illud,
986 1267 1072 1350 quod
1088 1267 1198 1332 initio
1287 1265 1288 1354 l

230 1353 355 1437 scripsi,
381 1353 481 1418 totius
508 1353 587 1418 facti
609 1353 658 1417 tui
684 1353 837 1418 iudicium
863 1376 931 1420 non
957 1358 1025 1418 tam
1047 1376 1086 1418 ex
1109 1375 1197 1420 con·

230 1438 301 1506 silio
328 1443 386 1506 tuo
413 1462 510 1524 quam
536 1462 576 1504 ex
605 1444 722 1506 euentu
752 1441 900 1508 homines
931 1463 1000 1507 esse
1031 1442 1196 1508 facturos.

195 1539 210 1588 o
230 1526 322 1602 Quod
346 1528 374 1592 si
395 1527 475 1592 haec
493 1528 576 1594 ratio
595 1529 641 1593 rei
659 1530 818 1614 gerendae
836 1531 1016 1614 periculosa
1033 1530 1093 1595 tibi
1114 1551 1196 1595 esse

229 1615 398 1699 ridebitur,
419 1617 569 1700 placebat
588 1616 678 1700 illud,
700 1620 746 1701 ut,
769 1618 797 1683 si
819 1639 875 1683 rex
898 1619 1009 1684 amieis
1031 1619 1105 1701 tuis,
1129 1619 1194 1702 qui

229 1724 287 1788 per
313 1704 512 1787 provinciam
539 1707 634 1788 atque
661 1706 831 1789 imperium
859 1710 952 1771 tuum
978 1707 1130 1791 pecunias
1154 1707 1193 1771 ei
1287 1729 1288 1788 j

230 1791 452 1875 credidissent,
484 1789 580 1856 fidem
612 1814 703 1856 suam
734 1794 960 1878 praestitisset,
991 1798 1025 1858 et
1057 1793 1194 1860 auxiliis

231 1900 304 1942 eum
325 1881 390 1944 tuis
413 1883 447 1943 et
469 1880 569 1963 copiis
592 1880 772 1964 adiuvares3
796 1903 867 1946 eam
889 1904 957 1947 esse
977 1885 1129 1947 naturam
1152 1887 1196 1948 et

229 1967 395 2052 regionem
408 1968 592 2051 provinciae
609 1971 694 2053 tuae,
712 1972 750 2032 ut
766 1970 852 2035 illius
870 1970 1008 2034 reditum
1026 1971 1077 2035 rel
1094 1969 1192 2034 adin·

229 2056 335 2121 vando
354 2055 560 2120 confirmares
577 2056 628 2120 vel
645 2058 840 2143 negligendo
854 2058 1033 2142 impedires.
1068 2057 1109 2122 In
1122 2057 1193 2123 hae

230 2145 356 2210 ratione
379 2145 455 2228 quid
477 2166 538 2229 res,
560 2144 636 2228 quid
659 2165 764 2229 causa,
787 2145 863 2229 quid
883 2149 1010 2230 tempus
1032 2145 1125 2230 ferat,
1149 2149 1191 2210 tu

229 2232 381 2297 facillime
404 2233 586 2316 optimeque
610 2233 795 2316 perspicies3
823 2233 900 2316 quid
927 2234 1021 2298 nobis
1047 2234 1190 2317 placuis-

231 2323 293 2403 set,
325 2341 364 2384 ex
394 2341 445 2383 me
476 2319 680 2403 potissimum
711 2321 823 2404 putari
853 2324 886 2385 te
918 2321 998 2386 scire
1026 2324 1191 2404 oportere.

197 2418 211 2466 ⁷
231 2406 323 2482 Quod
346 2406 425 2470 mihi
447 2406 486 2471 de
504 2410 617 2472 nostro
636 2409 732 2491 statu,
755 2407 793 2471 de
807 2407 938 2474 Milonis
955 2408 1191 2494 familiaritate,

163 2527 169 2539 ·
231 2494 270 2560 dc
292 2495 422 2559 levitate
440 2497 474 2558 et
490 2495 709 2586 imbecillitate
727 2493 831 2561 Olodii
849 2497 1031 2581 gratularis
1052 2496 1190 2561 minime

231 2583 384 2648 miramur
413 2586 446 2652 te
473 2583 538 2648 tuis
565 2586 603 2646 ut
629 2584 794 2668 egregium
826 2584 981 2648 artificem
1010 2585 1189 2669 praeclaris

231 2671 380 2754 operibus
407 2671 534 2736 laetari:
567 2692 762 2755 quamquam
790 2675 839 2736 est
864 2671 1061 2736 incredibilis
1083 2671 1190 2737 bomi-

231 2780 309 2822 num
338 2760 531 2844 perversitas
550 2795 592 2806 ·-
612 2760 759 2844 graviore
791 2759 877 2824 enim
908 2759 1006 2824 verbo
1037 2759 1086 2824 uti
1116 2781 1189 2824 non

230 2847 310 2910 libet
323 2883 379 2930 -,
400 2848 457 2930 qui
479 2869 552 2930 nos,
580 2869 660 2930 quos
682 2846 821 2911 favendo
844 2847 879 2910 in
902 2848 1065 2911 communi
1088 2868 1190 2912 causa

229 2933 367 3000 retinere
389 2938 574 3019 potuerunt,
596 2934 768 3000 invidendo
788 2934 1025 3017 abalienarunt3
1048 2956 1189 3018 quorum

230 3023 542 3088 malevolentissimis
565 3022 852 3088 obtrectationibus
877 3043 939 3087 nos
965 3023 1046 3086 seito
1070 3022 1110 3086 de
1133 3045 1188 3090 re-

229 3113 298 3176 tere
324 3111 382 3175 illa
407 3115 521 3177 nostra
551 3111 766 3194 diuturnaque
796 3110 957 3174 sententia
987 3131 1088 3194 prope
1120 3110 1189 3175 iam

230 3220 299 3264 esse
322 3199 481 3283 depulsos,
503 3220 571 3263 non
588 3220 648 3263 nos
667 3198 795 3281 quidem
812 3200 850 3262 ut
867 3200 996 3262 nostrae
1015 3196 1189 3281 dignitatis

231 3288 330 3352 simus
353 3287 458 3372 obliti,
486 3287 541 3351 sed
564 3290 601 3351 ut
622 3285 798 3351 habeamus
825 3285 983 3349 rationem
1010 3285 1189 3368 aliquando

230 3376 327 3440 etiam
350 3376 472 3440 salutis.
507 3374 640 3440 Poterat
662 3376 833 3457 utrumque
855 3372 1025 3457 praeclare,
1049 3373 1077 3435 si
1101 3379 1190 3440 esset

228 3463 321 3547 fides,
353 3463 381 3528 si
408 3463 550 3550 gravitas
578 3463 614 3526 in
644 3461 829 3525 hominibus
861 3459 1097 3543 consularibus,
1130 3463 1188 3527 sed

228 3554 322 3616 tanta
344 3556 394 3616 est
415 3553 451 3616 in
472 3550 633 3637 plerisque
655 3548 778 3633 levitas,
792 3552 838 3613 ut
860 3569 915 3613 eos
937 3568 1005 3612 non
1022 3549 1091 3610 tarn
1110 3568 1189 3614 con-
