2644 3988
233 227 297 291 388
514 227 552 282 M.
571 229 694 284 TULLII
712 229 903 286 CICERONIS

174 363 180 373 ’
231 371 271 436 de
294 372 388 436 nobis
412 372 576 437 sollicitus.
611 373 734 457 Itaque,
757 375 843 458 quod
864 379 896 439 te
918 376 1059 458 primum
1082 376 1192 441 existi·

231 481 319 524 mare
345 461 501 544 putabam
528 483 589 526 nos
616 484 770 546 oppressa
798 485 833 527 re
864 464 993 548 publica
1025 465 1191 549 quiescere

231 571 299 613 non
329 571 438 633 posse,
470 550 597 634 deinde,
629 572 727 634 quum
759 553 956 636 suspicarere
983 574 1045 619 nos
1071 554 1191 637 moliri,

232 637 318 720 quod
343 642 376 701 te
405 638 577 702 sollicitum
604 660 673 703 esse
701 644 734 703 et
761 639 800 703 de
827 641 930 705 salute
953 646 1066 705 nostra
1093 642 1190 707 etde
1284 685 1287 694 ι

230 748 338 790 rerum
361 729 477 791 eventu
509 727 678 811 putabam,
710 728 866 793 simulac
896 729 1042 814 legiones
1070 732 1191 814 accepi,

231 836 311 897 quas
337 813 377 878 A.
400 813 548 880 Allienus
576 816 729 880 eduxerat
751 838 790 880 ex
812 815 976 902 Aegypto,
1004 818 1119 903 scripsi
1146 819 1189 883 ad

230 907 262 967 te
294 903 541 988 tabellariosque
574 905 753 988 complures
785 904 923 970 Romam
954 905 1041 989 misi3
1073 906 1189 990 scripsi

230 992 391 1056 etiamad
415 996 563 1056 senatum
589 993 727 1076 litteras,
756 1015 836 1076 quas
859 993 949 1058 reddi
972 995 1059 1059 vetui
1082 996 1188 1078 prius-

230 1102 327 1165 quam
353 1081 414 1145 tibi
441 1082 594 1146 recitatae
622 1086 742 1163 essent,
770 1083 798 1146 si
820 1081 905 1146 forte
931 1083 996 1147 mei
1022 1083 1188 1166 obtempe-

229 1191 300 1234 rare
323 1169 404 1234 mihi
425 1171 605 1236 voluerunt
642 1169 735 1245 Quod
757 1170 785 1234 si
807 1170 933 1235 litterae
956 1171 1099 1254 perlatae
1117 1192 1189 1236 non

229 1262 314 1340 sunt,
336 1280 404 1323 non
427 1258 553 1340 dubito,
576 1259 654 1342 quin
675 1258 859 1340 Dolabella,
886 1259 941 1342 qui
963 1259 1085 1324 nefarie
1109 1259 1187 1325 Tre·

229 1348 329 1412 bonio
352 1347 457 1412 occiso
475 1346 588 1412 Asiam
612 1347 788 1431 occupavit,
810 1347 997 1412 tabellarios
1019 1369 1109 1412 meos
1133 1349 1187 1412 de·

195 1448 211 1494 a
230 1434 436 1518 prehenderit
457 1436 644 1519 litterasque
667 1435 881 1519 interceperit
925 1435 1094 1500 Exercitus
1118 1459 1186 1500 om-

229 1545 297 1607 nes,
320 1523 375 1607 qui
397 1524 433 1587 in
455 1521 548 1608 Syria
574 1525 718 1605 fuerunt,
745 1526 850 1588 teneo.
894 1523 1003 1588 Habui
1025 1524 1186 1608 pollulum

228 1633 348 1696 morae,
370 1612 446 1677 dum
469 1613 628 1697 promissa
650 1612 806 1676 militibus
824 1614 986 1696 persolvo:
1009 1612 1185 1677 nunciam

228 1723 301 1765 sum
333 1701 508 1784 expeditus.
552 1700 638 1765 Ate
665 1705 755 1784 peto,
786 1703 824 1764 ut
855 1700 1047 1786 dignitatem
1078 1722 1185 1764 meam

228 1789 485 1854 commendatam
507 1789 567 1854 tibi
589 1789 723 1870 habeas,
751 1788 778 1852 si
801 1810 853 1852 me
880 1789 1035 1874 intelligis
1057 1789 1185 1853 nullum

228 1899 332 1961 neque
354 1879 532 1963 periculum
554 1898 657 1960 neque
679 1877 824 1963 laborem
845 1877 970 1960 patriae
998 1877 1184 1962 denegasse,

228 1968 256 2030 si
283 1971 397 2032 contra
427 1965 721 2050 importunissimos
752 1967 895 2030 latrones
927 1987 1017 2030 arma
1048 1966 1118 2048 cepi
1150 1969 1183 2029 te

225 2055 380 2120 hortante
403 2058 436 2120 et
454 2059 593 2138 auctore,
616 2054 644 2118 si
665 2075 733 2118 non
752 2055 857 2118 solum
875 2055 1032 2118 exercitus
1051 2054 1092 2117 ad
1114 2075 1184 2118 rem

227 2144 390 2227 publicam
402 2145 647 2227 libertatemque
661 2141 896 2206 defendendam
916 2141 1109 2226 comparavi,
1127 2141 1183 2206 sed
1303 2171 1304 2174 ¹

226 2234 325 2297 etiam
352 2231 578 2297 crudelissimis
605 2230 752 2314 tyrannis
780 2230 895 2314 eripui,
926 2251 1007 2314 quos
1034 2230 1063 2293 si
1091 2251 1183 2294 occu·
1302 2271 1303 2276 κ

227 2326 336 2405 passet
367 2320 545 2404 Dolabella,
575 2340 643 2384 non
675 2319 779 2384 solum
810 2318 964 2402 adventu,
996 2319 1053 2382 sed
1084 2318 1182 2382 etiam
1301 2349 1302 2356 κ

226 2409 380 2493 opinione
407 2412 440 2473 et
467 2407 704 2492 exspectatione
735 2407 892 2470 exercitus
920 2406 970 2471 sui
1001 2405 1183 2472 Antonium

193 2497 458 2562 tconfirmasset.
512 2495 598 2572 Quas
631 2495 672 2560 ob
703 2516 755 2559 res
786 2495 905 2559 milites
931 2498 1034 2579 tuere,
1068 2495 1096 2559 si
1127 2517 1182 2559 eos

227 2585 360 2650 mirifice
387 2585 426 2649 de
458 2605 492 2648 re
523 2583 653 2667 publica
679 2583 811 2648 meritos
843 2604 912 2647 esse
943 2583 1183 2664 animadvertis,

228 2677 262 2738 et
288 2673 391 2757 effice,
417 2693 459 2738 ne
487 2692 582 2756 quem
608 2672 774 2755 poeniteat
799 2693 867 2736 rem
894 2670 1056 2755 publicam
1085 2693 1180 2754 quam

228 2783 318 2845 spem
344 2761 482 2846 praedae
510 2764 543 2824 et
567 2759 754 2843 rapinarum
778 2759 867 2842 sequi
895 2759 1054 2823 maluisse.
1098 2757 1182 2823 Item

228 2849 332 2915 Murci
355 2854 388 2914 et
411 2847 515 2932 Crispi
541 2848 773 2931 imperatorum
796 2846 1001 2932 dignitatem,
1024 2851 1181 2930 quantum

229 2939 339 3003 estin
365 2942 412 3021 te,
438 2941 541 3018 tuere,
572 2957 649 3000 nam
671 2933 792 2999 Bassus
823 2935 937 3004 misere
969 2935 1082 2999 noluit.
1102 2934 1183 2998 mihi

228 3027 389 3112 legionem
411 3024 551 3107 tradere,
574 3024 660 3108 quod
682 3022 746 3087 nisi
768 3023 886 3086 milites
908 3022 1010 3086 invito
1034 3043 1072 3088 eo
1095 3023 1184 3108 lega·

228 3119 279 3180 tos
303 3114 417 3180 adme
444 3113 620 3196 misissent,
648 3111 789 3175 clausam
811 3109 991 3194 Apameam
1016 3112 1185 3193 tenuisset,

229 3204 335 3287 quoad
366 3203 399 3268 vi
430 3204 515 3266 esset
546 3201 739 3284 expugnata.
787 3197 876 3263 Haec
906 3221 926 3264 a
951 3203 985 3263 te
1011 3202 1087 3283 peto
1115 3221 1186 3264 non

230 3292 334 3356 solum
356 3292 402 3356 rei
425 3289 581 3375 publicae,
604 3308 685 3370 quae
703 3286 763 3350 tibi
782 3307 907 3370 semper
924 3287 989 3352 fuit
1007 3287 1186 3369 carissima,
1282 3369 1283 3374 ἵ

230 3377 406 3443 sedetiam
429 3375 588 3441 amicitiae
610 3378 740 3439 nostrae
763 3375 907 3459 nomine,
935 3397 1032 3458 quam
1054 3375 1184 3440 confido

195 3464 316 3544 capud
337 3469 370 3529 te
397 3465 573 3549 plurimum
599 3483 702 3545 posse.
747 3458 847 3526 Crede
874 3462 956 3527 mihi
981 3462 1068 3527 hunc
1095 3484 1184 3527 exer·

231 3550 338 3635 citum,
360 3573 455 3635 quem
478 3551 591 3633 habeo,
614 3551 745 3612 senatus
769 3552 864 3634 atque
888 3551 1001 3634 optimi
1028 3548 1184 3634 cuiusque
