2658 3986
224 253 290 318 230
507 251 544 305 Μ.
563 251 688 306 TULLII
705 249 896 344 CICERONIS

187 403 256 464 aet
277 398 458 483 poeniteret
480 396 640 460 eum'iam
662 396 785 460 vicisse.
821 394 870 460 De
888 395 1069 480 republica
1092 395 1181 480 quod

221 487 282 552 tibi
305 487 451 570 scribam,
473 484 556 549 nihil
578 484 696 550 habeo:
725 483 871 548 Marcelli
892 484 1032 569 impetus
1055 483 1181 550 resede-

220 578 307 659 runt,
329 597 398 642 non
419 574 546 657 inertia,
569 573 634 656 sed,
656 576 694 638 ut
711 573 791 638 mihi
810 573 1011 657 videbantur,
1035 573 1181 639 consilio.

222 661 270 728 De
285 664 423 729 comitiis
438 661 660 727 consularibus
674 662 889 726 incertissima
907 665 957 726 est
971 661 1181 728 existimatio:

222 773 283 839 ego
297 753 396 818 incidi
409 752 444 815 in
458 751 702 836 competitorem
714 751 857 815 nobilem
875 754 908 815 et
920 749 1063 816 nobilem
1082 771 1181 836 agen-

222 842 301 923 tem3
327 863 406 906 nam
428 839 471 908 M.
495 838 647 905 Octavius
670 837 728 904 On.
750 839 773 903 f.
797 843 830 904 et
852 837 886 904 0.
908 837 1026 904 Hirrus
1053 861 1181 904 mecum

222 933 346 1014 petant.
382 927 455 994 Hoc
477 928 549 994 ideo
573 928 695 1013 scripsi,
718 928 803 1011 quod
823 928 889 994 scio
911 930 944 992 te
967 928 1084 992 acriter
1105 949 1179 1012 pro-

221 1020 295 1102 pter
326 1016 460 1083 Hirrum
491 1018 642 1081 nuntium
673 1019 859 1082 nostrorum
892 1016 1096 1081 comitiorum
1126 1037 1180 1080 ex-

222 1109 450 1190 spectaturum.
505 1105 554 1170 Tu
586 1109 696 1170 tamen
728 1105 862 1171 simulac
893 1126 945 1169 me
974 1105 1180 1190 designatum

223 1195 372 1279 audieris,
395 1199 432 1260 ut
454 1194 514 1260 tibi
538 1215 632 1260 curae
655 1195 711 1278 sit,
734 1194 820 1279 quod
842 1195 885 1259 ad
905 1193 1080 1278 pantheras
1105 1193 1178 1258 atti-

221 1287 287 1366 net,
308 1304 398 1370 rogo.
443 1281 669 1368 syngrapham
697 1279 869 1348 Sittianam
896 1282 956 1346 tibi
979 1282 1179 1347 commendo.

222 1369 496 1438 Commentarium
522 1393 629 1436 rerum
656 1371 853 1436 urbanarum
880 1370 1020 1455 primum
1046 1370 1119 1434 dedi
1142 1369 1179 1434 L.

221 1457 383 1615 {offiium
406 1460 515 1544 Paeto,
537 1461 713 1526 secundum
736 1460 778 1544 ei,
807 1460 861 1545 qui
888 1459 1095 1524 haslitteras
1117 1459 1179 1525 tibi

244 1570 260 1614 e

666 1741 725 1808 111.

393 1854 451 1911 Ser.
470 1855 575 1910 Romae
594 1871 688 1910 mense
707 1854 787 1910 lunio
806 1870 831 1908 a.
850 1872 876 1908 u.
896 1872 919 1908 c.
939 1859 999 1909 703.

477 1978 630 2034 CAELIUS
649 1977 820 2034 GIOERONI
839 1977 915 2034 SAL.

187 2094 201 2144 1
287 2076 411 2145 Estne?
447 2081 510 2146 vici
541 2084 575 2146 at
605 2079 666 2145 tibi
698 2099 806 2163 saepe,
843 2078 928 2163 quod
960 2096 1009 2143 mc
1024 2096 1177 2162 negaras

221 2167 386 2234 discedens
414 2174 612 2252 curaturum,
639 2169 764 2232 litteras
790 2166 908 2232 mitto?
952 2164 1027 2249 Est,
1054 2165 1081 2229 si
1109 2166 1177 2249 qui·

220 2257 294 2322 dem
305 2256 516 2341 perfenmtur,
536 2278 614 2340 quas
629 2255 679 2320 do.
716 2257 823 2342 Atque
839 2256 901 2320 hoc
915 2272 975 2338 ego
990 2274 1027 2319 eo
1043 2253 1177 2340 diligen·

219 2346 284 2411 tius
306 2345 435 2427 factito,
462 2344 562 2429 quod,
591 2365 690 2426 quum
717 2343 841 2408 otiosus
869 2365 953 2426 sum,
984 2343 1094 2427 plane,
1121 2344 1177 2407 ubi

221 2433 375 2498 delectem
398 2433 533 2497 otiolum
555 2453 672 2515 meum,
693 2452 762 2496 non
779 2431 892 2497 habeo.
929 2431 979 2496 du
1000 2453 1099 2514 quum
1112 2431 1176 2496 Ro-

219 2541 291 2585 mae
314 2541 398 2604 eras,
424 2520 487 2586 hoc
514 2520 593 2584 mihi
621 2521 744 2584 certum
766 2541 804 2585 ac
830 2519 1096 2585 iucundissimum
1122 2541 1177 2584 va-

219 2609 308 2673 canti
330 2609 498 2694 negotium
522 2611 604 2692 erat,
630 2611 737 2672 tecum
759 2608 793 2672 id
821 2609 879 2674 otii
904 2611 1032 2692 tempus
1062 2627 1176 2672 consu-

190 2750 193 2758 ,
219 2719 315 2781 mere,
337 2697 433 2783 idque
456 2718 524 2763 nou
546 2696 750 2762 mediocriter
770 2697 924 2781 desidero,
946 2700 984 2761 ut
1005 2695 1086 2760 mihi
1108 2715 1176 2761 non

220 2787 315 2852 modo
339 2807 390 2870 ego
413 2788 501 2852 solus
529 2807 611 2871 esse,
641 2785 697 2850 sed
724 2785 846 2850 Romae
873 2788 906 2850 te
933 2783 1078 2868 profecto
1103 2785 1176 2848 soli·

219 2875 298 2940 tudo
321 2875 469 2940 videatur
490 2873 590 2958 iacta,
613 2878 659 2958 et,
682 2874 750 2960 qui,
778 2895 860 2959 quae
883 2894 955 2937 mea
977 2872 1176 2958 negligentia

221 2966 279 3046 est,
300 2964 420 3029 multos
443 2984 538 3048 saepe
561 2963 629 3028 dies
657 2963 698 3027 ad
720 2966 766 3045 te,
794 2983 893 3047 quum
914 2961 968 3026 hie
997 2982 1082 3045 eras,
1107 2982 1175 3026 non

220 3052 423 3134 accedebam,
454 3072 541 3116 nune
573 3051 715 3137 quotidie
743 3073 811 3115 non
838 3071 907 3115 csse
934 3052 981 3132 te,
1013 3050 1053 3114 ad
1081 3070 1176 3134 quem

219 3141 379 3225 cursitem,
393 3139 575 3204 discrucior.
611 3139 750 3203 Maxime
765 3160 850 3223 vero,
868 3141 905 3203 ut
918 3141 950 3203 te
965 3138 1032 3202 dies
1050 3141 1175 3203 noctes-

220 3251 282 3314 que
314 3249 479 3314 quaeram,
510 3229 702 3312 competitor
732 3227 849 3292 Hirrus
879 3230 982 3291 curatz
1015 3226 1175 3311 quomodo

270 3487 275 3498 ι
290 3417 340 3486 Ep.
360 3423 384 3487 2,
404 3424 429 3472 2.
456 3417 620 3473 videbanter
637 3419 704 3488 (Mo.
732 3419 875 3474 videbatur
888 3419 919 3474 B.
939 3449 972 3460 -
987 3423 1087 3488 pcttmt
1101 3419 1174 3488 (Ν).

216 3491 288 3554 petet
310 3485 359 3555 M,
386 3487 479 3558 vulgo.
506 3517 540 3530 ·—
563 3489 614 3544 troi
636 3489 757 3571 reddidit
779 3487 863 3558 (W.)?
895 3489 945 3559 Ep.
970 3495 995 3558 8,
1021 3496 1044 3544 1.
1077 3504 1123 3558 coo
1146 3504 1174 3544 cc

221 3554 951 3700 &ruditatis-iaiu.)⁹.¹¹1{.⁰'[eiii²z.⁰⁶dd'³'⁹²³
974 3565 999 3615 ‘t
1022 3559 1115 3629 vulgo.
1139 3587 1173 3599 “
