2636 3986
380 221 638 278 EPISTOLARUM
656 223 717 278 xla
736 229 849 279 ae-aa
1027 223 1092 286 411

135 387 178 431 ne
201 367 309 451 gravis
333 367 420 450 civis,
442 389 483 431 ne
508 367 604 430 nimis
622 367 726 452 fortis,
748 389 790 432 ne
808 367 905 432 nimis
924 370 957 431 ts
976 367 1093 452 dignus

135 455 288 520 viderere.
334 452 427 531 Quod
450 455 636 521 societatem
658 456 706 520 rei
732 456 879 540 publicae
903 477 1093 522 conservari·
1112 468 1128 514 2

136 543 197 608 dae
219 543 280 608 tibi
302 565 429 608 mecum
452 565 472 608 a
493 547 585 627 patre
609 547 774 628 acceptam
795 566 942 628 renovas,
964 547 1093 630 matum

136 628 202 716 est,
225 653 307 716 quae
334 631 470 698 societas
496 632 582 696 inter
607 654 668 698 nos
692 653 830 717 semper,
861 634 907 697 mi
934 631 1094 716 Cornifiei,

136 720 294 803 manebit,
317 723 446 806 gratum
460 721 559 786 etiam
576 721 665 806 illud,
685 721 771 805 quod
789 721 869 786 mihi
886 725 943 786 tuo
962 722 1093 786 nomine

137 808 259 894 gratias
283 808 425 894 agendas
447 830 516 874 non
537 813 646 894 putas,
674 830 735 874 nec
762 811 849 874 enim
863 810 903 874 id
925 811 1010 874 inter
1032 831 1094 874 nos

136 898 242 962 facere
266 897 427 962 debemus.
464 895 616 963 Senatus·
626 897 753 983 saepius
774 920 834 982 pro
857 898 1014 983 dignitate
1036 901 1094 962 tua

137 985 363 1070 appellaretur,
386 985 413 1050 si
435 986 624 1052 absentibus
648 986 833 1052 consulibus
855 1008 1009 1070 umquam
1030 986 1094 1050 nisi

137 1073 179 1138 ad
201 1095 271 1138 rem
292 1095 412 1138 novam
440 1077 617 1159 cogeretur.
661 1073 775 1158 Itaque
802 1096 862 1139 nec
890 1075 928 1138 de
950 1073 1015 1139 He.
1037 1091 1093 1138 xx.

136 1183 198 1227 nee
225 1161 264 1226 de
291 1159 356 1226 HS.
378 1179 455 1228 Dec.
479 1161 654 1246 quidquam
677 1163 730 1248 agi
753 1184 840 1228 nune
866 1184 924 1247 per
947 1165 1094 1226 senatum

136 1253 258 1334 potest3
281 1250 341 1314 tibi
363 1253 471 1316 autem
492 1271 532 1317 ex
554 1252 853 1332 senatusconsulto
870 1249 1095 1335 imperandum

137 1342 325 1426 mutuumve
348 1338 538 1404 sumendum
566 1361 690 1406 censeo.
735 1338 775 1404 In
803 1361 838 1404 re
865 1339 995 1423 publica
1017 1339 1128 1423 quida

138 1430 268 1512 agatur,
295 1428 389 1492 oredo
411 1430 444 1491 ts
472 1449 511 1494 ex
533 1449 644 1494 eorum
666 1428 783 1492 litteris
806 1447 1012 1512 cognoscere,
1039 1427 1095 1512 qui

138 1515 180 1580 ad
203 1519 235 1580 te
259 1518 332 1580 acta
354 1515 477 1581 debent
493 1517 698 1602 perscribere.
733 1514 808 1602 Ego
830 1537 902 1582 sum
919 1537 976 1600 spe
994 1515 1094 1598 bona3

138 1605 284 1688 consilio,
307 1624 392 1689 cura,
413 1603 523 1670 labore
546 1627 614 1670 non
636 1606 761 1688 desum3
784 1604 933 1670 omnibus
955 1605 1094 1668 inimicis

137 1693 543 1872 {gssmplfflcaneeqeuseaenffc
562 1715 771 1846 (lietbrslilinlblbb
782 1693 1013 1845 libiliibidblluai
1024 1714 1093 1845 ebbee

139 1872 173 1932 et
193 1869 309 1934 fuisset
330 1869 498 1953 facillimo,
527 1869 555 1933 si
578 1870 672 1953 eulpa
695 1891 714 1934 a
738 1869 929 1953 quibusdam
951 1869 1094 1934 afuisset

555 2061 677 2128 XXIX.

139 2175 197 2228 Sor.
216 2172 322 2228 Romae
340 2188 434 2229 mense
453 2173 545 2243 Aprili
563 2175 639 2242 (ante
657 2173 730 2228 XVI.
746 2173 782 2228 K.
801 2172 902 2242 Maias)
919 2189 944 2228 a.
958 2189 1018 2228 ue.
1034 2179 1093 2228 711.

392 2296 520 2353 CICERO
539 2295 744 2354 CORNIFICIO
764 2295 839 2352 SAL.

205 2393 284 2462 Non
300 2397 397 2462 modo
415 2397 485 2481 tibi,
502 2398 554 2464 cui
571 2400 683 2465 nostra
701 2397 810 2464 onmia
827 2397 997 2463 notissima
1011 2401 1096 2481 sunt,
1114 2407 1128 2456 1

139 2483 197 2550 sed
219 2485 381 2552 neminem
402 2486 438 2550 in
460 2487 580 2571 populo
604 2486 752 2552 Romano
776 2484 916 2552 arbitror
939 2507 1022 2569 esse,
1044 2487 1096 2551 cui

140 2572 183 2636 sit
205 2573 320 2657 ignota
342 2595 381 2640 ea
398 2574 610 2658 familiaritas,
633 2596 714 2658 quac
736 2575 817 2640 mihi
835 2596 909 2640 cum
926 2573 962 2639 L.
983 2573 1096 2638 Lamia

141 2663 204 2743 est,
226 2662 345 2726 etenim
366 2683 486 2748 magno
509 2663 636 2734 theatro
660 2665 806 2747 spectata
828 2667 879 2728 est
894 2667 974 2746 tum,
996 2684 1096 2747 quum

141 2750 191 2812 est
213 2747 254 2812 ab
276 2747 316 2814 rb
335 2748 472 2816 Gabinio
496 2752 626 2818 consule
644 2751 816 2836 relegatus,
839 2750 925 2835 quod
943 2749 1042 2815 bbere
1063 2754 1097 2815 et

139 2835 268 2900 fortiter
290 2839 428 2903 salutem
450 2857 556 2904 meam
578 2838 789 2923 defendissem
809 2859 868 2904 nec
891 2859 986 2916 exeo
1005 2860 1096 2904 amor

139 2923 226 2989 inter
243 2947 304 2990 nos
322 2929 419 2992 natus
437 2932 495 3012 est,
514 2927 582 3012 sed,
605 2927 690 3011 quod
709 2930 780 2992 erat
796 2929 888 2993 retus
902 2929 935 2991 et
948 2947 1096 3012 magnus,

139 3016 312 3098 propterea
333 3015 460 3080 nullum
476 3015 654 3100 periculum
671 3038 730 3100 pro
750 3037 801 3082 me
817 3015 909 3088 adire
928 3015 1095 3081 dubitavit.

26 3091 31 3118 ³
139 3100 192 3165 Ad
215 3100 296 3167 haec
319 3103 426 3168 officia
444 3105 495 3169 vel
512 3103 628 3171 merita
645 3105 754 3188 potius
772 3103 1002 3170 iucundissima
1020 3124 1096 3167 con-

139 3191 275 3255 suetudo
304 3191 441 3274 aeoedit,
467 3195 506 3257 ut
526 3193 617 3257 nullo
639 3213 770 3276 prorsus
793 3193 866 3275 plus
889 3191 1019 3256 homine
1043 3190 1095 3256 de·

138 3277 246 3343 lector.
290 3277 369 3345 Non
394 3283 474 3364 puto
501 3277 626 3346 teiam
653 3283 849 3364 exspectare,
876 3278 992 3364 quibus
1022 3299 1096 3343 eum

138 3364 200 3430 tibi
222 3366 328 3432 verbis
350 3368 615 3450 commendarim,
642 3389 739 3433 eausa
761 3368 847 3432 enim
868 3367 954 3432 tanti
976 3368 1094 3432 amoris

123 3453 294 3542 'intelligis
314 3478 395 3540 quae
413 3457 512 3522 verba
526 3456 696 3520 desideret:
717 3457 758 3520 iis
772 3476 823 3520 me
838 3455 986 3520 omnibus
1001 3477 1095 3520 usum

138 3545 263 3626 putato.
300 3544 443 3610 Tantum
460 3545 557 3610 velim
574 3545 745 3627 existimes,
765 3545 792 3608 si
809 3545 942 3628 negotia
955 3542 1095 3627 Lamiae,
1113 3552 1129 3600 2
