2610 3980
366 259 722 317 sauromatum.
961 261 1025 328 12³

90 401 181 487 aede,
214 403 326 470 urbem
356 405 527 490 incendiis,
561 405 691 472 Italiam
726 405 811 472 belle
847 405 1025 476 liberasset

89 487 193 574 ltaque
214 513 273 578 ego
304 491 450 579 Metello,
484 494 588 560 fratri
609 497 681 580 cuo,
712 495 876 580 praesenti
906 497 1024 566 renuti:

89 597 150 642 nam
173 580 206 644 is
232 585 347 648 senatu
373 582 458 648 Kal„
476 581 636 648 Ianuariis
668 583 716 649 sic
747 604 887 650 camec
917 583 958 650 (le
988 605 1027 654 rc

88 665 197 748 publica
217 669 387 755 disputavi,
409 675 447 736 ut
468 672 603 737 sentiret
624 671 688 738 sibi
709 692 783 738 cum
800 671 870 738 viro
890 671 969 740 forti
991 677 1026 740 et

88 759 230 823 constanti
251 779 323 824 esse
344 759 570 846 pugnandum,
599 781 628 825 s.
649 759 680 826 (l.
702 773 755 824 111.
776 757 864 827 Non.
885 759 1025 848 Ianuar,

88 863 168 926 quum
184 866 279 932 agere
297 848 464 934 coepisset,
484 850 583 914 tertio
601 869 729 934 quoque
746 849 846 916 vsrbo
867 849 1025 918 orationis

87 951 148 996 suae
164 957 212 999 me
229 936 425 1021 appellabat,
437 937 518 1002 mihi
536 938 731 1022 minabatur,
748 959 853 1022 neque
870 938 919 1006 illi
932 939 1023 1024 qnid·

86 1041 165 1102 qvam
183 1023 390 1090 deliberatius
405 1025 469 1090 fuit
485 1047 585 1111 quam
596 1047 658 1111 me,
677 1047 879 1111 quacumque
896 1028 1024 1096 ratium

85 1115 188 1194 posset,
215 1134 285 1179 nou
307 1113 427 1179 iudicio
448 1135 553 1199 neque
576 1115 819 1199 disceptatione,
840 1115 898 1180 sed
919 1117 953 1182 vi
975 1121 1023 1182 st

85 1217 134 1278 quc
152 1199 360 1286 impressione
383 1207 534 1268 evertere
577 1201 684 1268 Huius
712 1223 774 1288 ego
796 1202 1024 1272 temeritatisi
1072 1205 1077 1214 '

86 1285 183 1352 nuce
204 1293 304 1376 atque
326 1291 435 1356 animo
452 1313 522 1357 nou
539 1291 739 1376 restitissem,
760 1291 833 1376 quis
852 1295 945 1377 esset,
965 1293 1024 1378 qui

86 1393 125 1438 me
143 1377 175 1441 in
196 1380 367 1453 consulatu
389 1401 458 1446 nou
479 1401 557 1446 casu
578 1381 688 1465 potius
706 1380 904 1446 existimaret
925 1403 1023 1466 quam

85 1465 199 1532 manlio
220 1467 341 1534 fortem
362 1467 484 1534 fuisse?
524 1466 615 1534 Haec
637 1469 665 1532 ei
687 1472 724 1533 tu
746 1467 913 1536 Metellum
935 1472 1057 1556 cogi-s

85 1550 139 1617 ture
163 1553 200 1620 de
224 1577 278 1621 me
306 1557 450 1642 nescisti,
482 1556 578 1622 debes
605 1557 787 1622 existimare
814 1561 847 1626 te
874 1559 1022 1624 maximis

85 1636 220 1709 derebus
243 1667 265 1710 a
287 1644 388 1710 fratre
410 1665 479 1710 esee
507 1646 660 1728 celatum3
687 1645 738 1710 siu
765 1648 873 1712 autem
900 1646 1022 1731 aliquid

84 1724 239 1812 inpertivit
270 1732 332 1798 tibi
368 1734 418 1798 sui
447 1733 588 1818 consilii,
623 1732 706 1798 lenis
738 1754 758 1797 a
787 1737 821 1798 te
853 1738 886 1799 et
915 1734 1022 1802 facilis

85 1816 239 1884 existimari
262 1821 375 1906 debeo,
397 1822 452 1906 qui
474 1821 557 1886 nihil
578 1825 686 1887 tecum
709 1821 748 1886 de
765 1821 805 1886 iis
823 1822 903 1907 ipsis
925 1823 1021 1889 rebus

84 1909 272 1988 expostulem.
312 1909 366 1995 Et,
389 1910 417 1975 si
438 1911 595 1998 intelligis
616 1931 685 1978 non
706 1931 758 1976 me
781 1909 867 1978 dicto
889 1909 1022 1997 Metelli,

83 1994 112 2054 ut
133 1997 252 2083 scribis,
281 1997 337 2062 sed
363 1997 498 2064 consilio
525 1997 594 2076 eius
621 1999 793 2082 animoque
820 1999 856 2062 in
882 2021 933 2064 me
959 2000 1021 2066 ini·

84 2080 234 2152 uicissimo
259 2107 331 2151 esse
354 2091 559 2172 commotum,
582 2107 742 2173 cognosce
763 2107 852 2151 nunc
872 2086 1021 2152 humani·

83 2155 165 2236 bum
184 2197 305 2258 meam,
333 2173 361 2238 si
382 2175 567 2240 humanitas
589 2174 784 2262 appellanda
806 2177 856 2238 est
877 2175 913 2239 in
934 2195 1021 2240 acer·

83 2253 194 2326 tissima
214 2263 337 2328 iniuria
358 2264 504 2330 remissio
527 2265 629 2328 animi
657 2285 695 2329 ac
717 2262 899 2328 dissolutio:
929 2264 1022 2329 nulla

83 2349 120 2408 cst
138 2371 156 2412 a
171 2372 221 2416 me
239 2373 395 2437 umquam
418 2352 580 2418 sententia
601 2353 688 2418 dicta
704 2352 740 2416 in
757 2351 893 2418 fratrem
913 2355 1021 2438 tuum;

83 2436 326 2526 quotiescumque
345 2440 465 2524 aliquid
483 2445 533 2505 est
550 2443 668 2526 actum,
690 2440 805 2506 sedens
827 2441 868 2506 iis
888 2441 1021 2527 assensi,

83 2523 125 2602 qui
143 2527 219 2593 mihi
241 2529 406 2594 lenissime
429 2529 549 2594 sentire
571 2529 633 2594 visi
655 2532 741 2594 eunt.
785 2528 914 2595 Addam
938 2531 1021 2598 illac

83 2610 169 2699 etam,
191 2617 279 2704 quod
301 2617 367 2685 iam
389 2637 450 2702 ego
473 2637 585 2682 curare
607 2639 675 2682 non
698 2617 809 2696 debui,
832 2617 888 2682 sed
909 2621 1021 2684 tamen

82 2693 136 2764 fieri
154 2723 220 2770 nen
241 2706 378 2770 moleste
400 2704 461 2770 tuli
480 2709 576 2791 atque
595 2705 702 2791 etiam,
723 2709 761 2770 nt
778 2706 825 2771 ita
842 2706 942 2791 fieret,
960 2729 1020 2792 pro

82 2804 138 2852 mea
152 2797 242 2876 parte
263 2793 381 2878 adiuvi,
403 2797 440 2858 ut
457 2793 563 2859 senati
581 2795 729 2860 consulto
749 2815 839 2859 meus
861 2795 1020 2880 inimicus,

83 2876 142 2955 quia
161 2883 234 2947 tuus
257 2882 360 2946 frater
378 2885 456 2967 erat,
477 2883 706 2948 sublevaretur.
742 2881 848 2958 Quare
870 2905 939 2949 non
956 2905 1019 2970 ege
1039 2893 1075 2945 lo

82 2971 248 3052 oppugnavi
271 2970 405 3035 fratrem
427 2975 534 3056 tuum,
556 2970 612 3036 sed
634 2971 729 3035 fratri
750 2974 808 3038 tuo
830 2973 1021 3058 repugnavi,

83 3066 129 3116 nce
146 3055 179 3121 in
198 3062 242 3143 te,
263 3063 303 3124 ut
325 3059 447 3141 scribis,
470 3059 579 3126 auimo
597 3059 646 3124 fui
664 3059 785 3144 mobili,
807 3059 863 3124 sed
885 3061 932 3125 ita
954 3063 1019 3125 sta·

82 3134 137 3224 bili,
164 3149 200 3211 ut
229 3147 266 3212 iu
293 3169 366 3214 mea
396 3169 475 3233 erga
502 3152 536 3213 te
558 3147 725 3214 voluntate
752 3147 851 3213 etiam
873 3147 1019 3214 desertus

84 3224 114 3288 ab
132 3231 241 3300 officiis
262 3235 329 3300 tuis
351 3257 582 3321 permanerem.
625 3236 734 3322 Atque
755 3236 819 3302 hoc
845 3237 916 3321 ipso
938 3239 1019 3302 tem·

31 3383 32 3388 ,
83 3332 144 3394 pora
165 3322 225 3387 tibi
252 3345 355 3408 paene
383 3325 548 3390 minitanti
578 3324 673 3391 nobie
704 3347 762 3409 per
783 3325 908 3390 litterae
937 3323 1018 3390 haec

31 3439 32 3456 v
83 3407 202 3476 recubo
219 3414 316 3496 atque
334 3413 526 3497 respondeo:
548 3434 609 3499 ego
628 3413 732 3479 dolori
749 3416 806 3478 tuo
825 3434 894 3478 non
912 3413 1019 3478 solum

31 3615 32 3618 ’
134 3599 181 3668 ap.
202 3607 229 3671 2,
244 3609 284 3658 10.
320 3604 386 3660 baec
403 3605 521 3661 rescribo
541 3605 616 3674 (W.).
652 3605 702 3660 boc
718 3621 742 3658 r.
760 3603 807 3671 M,
826 3604 920 3674 vulgo.
