2556 3986
212 215 277 281 558
494 213 532 270 M.
551 213 674 269 TULLII
692 213 883 270 CICERONIS

212 382 281 426 esse
304 359 518 446 intelligerem
541 360 639 424 etiam
660 360 811 424 fortunae
834 363 1037 443 potestatem
1061 361 1102 424 in
1129 382 1198 425 nos

211 451 433 534 prorogatam:
465 469 552 513 nunc
583 469 659 512 1010
692 470 730 512 00
756 470 833 533 pars
860 448 922 512 tibi
949 450 998 513 rei
1028 449 1195 533 publicae

213 538 383 602 commissa
405 539 467 620 est,
498 537 533 600 in
557 558 620 621 qua
643 539 700 601 aut
731 537 855 601 nullam
878 539 935 600 aut
963 538 1193 622 perexiguam

212 627 337 711 partem
369 625 501 690 fortuna
532 627 643 689 teneat
674 627 707 689 et
739 646 820 709 quae
847 624 927 689 mihi
954 629 1030 690 tota
1060 627 1101 689 in
1132 630 1192 689 tua

213 715 330 779 virtute
353 735 391 777 00
413 712 633 778 moderatione
656 713 756 777 animi
783 711 891 797 posita
917 734 989 777 0000
1017 713 1191 778 videatur.

212 801 337 885 Nullas,
359 805 397 865 ut
419 802 547 885 opinor,
570 801 704 866 insidias
727 801 883 885 hostium,
909 802 1039 866 nullam
1064 803 1189 886 proelii

213 889 460 973 dimicationem,
482 889 606 955 nullam
625 889 837 955 defectionem
856 889 1030 972 sociorum,
1053 892 1188 954 nullam

212 978 356 1062 inopiam
379 977 531 1062 stipendii
554 982 611 1042 aut
636 979 683 1042 rei
705 977 949 1061 frumentariae,
976 979 1113 1042 nullam
1141 1001 1188 1043 se-

214 1067 369 1132 ditionem
401 1067 558 1132 exercitus
594 1066 862 1152 pertimescimus,
899 1087 980 1150 quae
1018 1089 1188 1150 persaepe

214 1155 460 1239 sapientissimis
488 1154 564 1218 viris
592 1155 790 1239 acciderunt,
821 1157 870 1237 ut,
901 1155 1187 1238 quemadmodum

214 1245 446 1329 gubernatores
469 1243 583 1328 optimi
606 1243 671 1307 vim
693 1243 908 1327 tempestatis,
930 1242 975 1306 010
999 1243 1051 1306 1111
1078 1243 1185 1308 fortu-

213 1353 275 1396 nae
297 1333 453 1415 impetum
476 1353 626 1415 superare
649 1353 717 1395 non
738 1334 880 1414 possent.
926 1330 1001 1394 Tibi
1024 1331 1110 1396 data
1137 1338 1186 1396 est

215 1441 340 1485 summa
361 1441 438 1504 pax,
461 1441 586 1483 summa
609 1419 836 1503 tranquillitas,
858 1419 906 1482 ita
927 1423 1056 1503 tamen,
1082 1425 1123 1484 ut
1148 1443 1185 1484 ea

215 1507 426 1572 dormientem
453 1507 701 1592 gubernatorem
727 1508 779 1572 101
807 1508 954 1592 obruere,
980 1508 1183 1593 vigilantem

187 1595 313 1660 setiam
340 1594 497 1660 delectare
526 1596 641 1679 possit3
669 1599 797 1661 constat
827 1597 914 1660 enim
941 1617 980 1660 ea
1006 1598 1184 1680 provincia

214 1684 355 1768 primum
377 1704 416 1748 ex
438 1704 476 1748 00
499 1705 616 1768 genere
635 1684 804 1768 sociorum,
827 1685 912 1768 quod
935 1687 986 1748 est
1008 1706 1048 1748 ex
1075 1685 1181 1750 homi·

214 1794 294 1837 num
325 1771 414 1838 omni
446 1793 563 1858 genere
593 1772 878 1855 humanissimum,
915 1771 1031 1837 deinde
1065 1795 1111 1838 ex
1144 1797 1182 1838 eo

215 1881 332 1946 genere
355 1860 485 1944 civium,
512 1861 568 1943 qui
591 1864 662 1945 aut,
689 1861 775 1945 quod
801 1860 967 1947 publicani
995 1865 1092 1946 sunt,
1119 1883 1181 1926 nos

215 1971 340 2014 summa
362 1948 598 2014 necessitudine
621 1949 788 2034 attingunt
811 1952 876 2034 aut,
899 1948 984 2033 quod
1003 1949 1052 2013 ita
1077 1971 1180 2036 nego·
1241 1956 1246 2011 i

214 2037 352 2120 tiantur,
374 2039 412 2102 ut
433 2036 610 2121 locupletes
631 2037 708 2122 sint,
736 2037 839 2102 nostri
862 2037 1049 2117 consulatus
1080 2038 1180 2103 bene
1241 2038 1246 2057 ¹

214 2125 288 2190 ficio
315 2147 349 2189 00
372 2125 549 2190 incolumes
575 2125 724 2190 fortunas
751 2126 870 2191 habere
897 2125 1112 2191 arbitrantur.
1136 2164 1178 2174 -

181 2204 196 2310 Ξ
215 2211 280 2298 „At
302 2213 388 2277 enirn
410 2214 495 2278 inter
517 2213 577 2278 hos
600 2213 687 2297 ipsos
715 2215 874 2279 exsistunt
900 2219 1015 2300 ‘graves
1045 2219 1178 2282 contro-

216 2303 348 2386 versiae,
370 2302 490 2368 multae
513 2305 691 2366 nascuntur
712 2301 858 2388 iniuriae,
879 2315 1017 2389 magnae
1040 2308 1177 2369 conten·

215 2390 321 2454 tiones
345 2387 612 2473 consequuntur.“
629 2426 672 2436 -
696 2389 795 2466 Quasi
813 2412 889 2457 1010
912 2397 973 2456 00
995 2389 1029 2476 id
1051 2395 1177 2478 putem,

215 2499 284 2542 non
305 2479 339 2540 te
362 2477 563 2560 aliquantum
580 2478 704 2563 negotii
723 2479 890 2544 sustinere.
965 2477 1080 2565 telligo
1106 2503 1177 2567 per-

215 2585 371 2649 magnum
393 2585 463 2629 esse
486 2564 654 2650 negotium
676 2570 709 2631 et
726 2567 858 2632 maximi
876 2565 1011 2652 consilii,
1034 2567 1093 2634 sed
1113 2592 1177 2634 me-

216 2656 326 2720 mento
358 2652 484 2719 consilii
515 2675 566 2718 1110
597 2653 659 2718 hoc
687 2656 855 2739 negotium
887 2677 956 2720 0000
987 2657 1096 2742 magis
1122 2660 1176 2723 ali-

217 2746 339 2828 quanto
358 2765 455 2828 quam
472 2742 623 2822 fortunae
636 2745 764 2827 putare3
787 2744 929 2828 quidest
945 2744 1031 2809 enim
1050 2749 1176 2830 negotii

216 2832 381 2896 continere
404 2853 469 2916 eos,
492 2831 608 2916 quibus
631 2831 762 2916 praesis,
785 2832 866 2896 site
889 2833 959 2917 ipse
982 2833 1175 2900 contineas?

215 2917 249 2983 id
272 2921 381 2983 autem
408 2918 451 2984 sit
476 2940 632 3004 magnum
659 2921 693 2983 et
714 2919 843 2985 difficile
866 2920 995 3005 ceteris,
1018 2921 1106 2986 sicut
1129 2928 1175 2989 est

216 3005 454 3071 difficillimum:
475 3006 536 3070 tibi
559 3010 592 3070 et
613 3006 677 3071 fuit
698 3006 760 3072 hoc
784 3030 909 3092 semper
928 3009 1122 3075 facillimum
1145 3018 1175 3077 01

216 3115 292 3159 1010
316 3113 385 3158 0000
411 3091 536 3177 debuit,
563 3095 653 3159 cuius
681 3099 798 3160 natura
824 3099 900 3162 talis
923 3102 984 3181 est,
1011 3101 1050 3162 ut
1077 3100 1173 3165 etiam

217 3183 287 3246 01110
314 3180 462 3246 doctrina
488 3181 635 3246 videatur
661 3183 828 3249 moderata
855 3206 925 3250 esse
951 3185 1110 3271 potuisse,
1138 3212 1173 3254 ea

217 3273 326 3334 autem
348 3269 494 3336 adbibita
517 3271 664 3336 doctrina
682 3275 740 3356 est,
762 3294 844 3356 quae
865 3275 917 3339 101
934 3273 1173 3342 vitiosissimam

217 3561 238 3600 n
264 3475 377 3600 VI1p,31,
392 3483 416 3532 1.
442 3475 647 3546 hermantiam
664 3491 718 3533 csse
734 3477 792 3547 (n,
810 3481 840 3534 et
857 3479 897 3535 sic
915 3479 1008 3538 solun
1016 3480 1076 3552 11).
1110 3482 1165 3542 ne

240 3586 246 3599 .
292 3586 308 3614 .,
351 3588 356 3600 .
