2568 3980
342 222 601 278 EPISTOLARUM
619 223 653 278 v.
673 229 786 277 17—19.
981 221 1044 285 149

105 371 131 431 et
148 389 202 434 nos
223 371 411 452 ceterosque
434 365 669 432 necessitudine
697 371 739 432 et*
752 367 978 432 benevolentia
998 370 1044 431 te-

32 457 34 496 l
106 477 164 520 cum
184 457 472 540 coniunctissimos,
495 478 657 540 quumque
680 477 834 541 magnam
856 455 1045 521 facultatem

104 546 139 610 sis
149 545 313 610 habiturus
327 545 497 612 nobiscum
510 549 544 610 et
562 567 637 610 cum
657 545 805 610 omnihus
823 544 888 608 tuis
908 545 1045 628 vivendi,

103 637 129 697 et
151 656 244 718 quum
272 640 361 699 tuum
388 655 489 698 unum
516 635 559 698 sit
585 633 738 699 iudicium
766 655 805 697 ex
830 637 899 697 tam
925 633 1045 717 multis,

103 722 174 806 quod
194 723 465 808 reprehendatur,
491 727 529 787 ut
551 723 638 806 quod
666 743 732 787 una
755 722 917 788 sententia
944 743 1045 806 eaque

102 811 184 875 dubia
213 813 381 896 potentiae
413 811 548 876 alicuius
586 811 805 876 condonatum
837 811 1045 894 existimetur,

102 900 236 965 omnibus
257 901 311 965 hie
330 901 370 965 de
389 900 493 965 causis
511 900 608 964 debes
626 901 724 965 istam
743 901 925 965 molestiam
948 921 1045 984 quam

32 1007 33 1066 f
102 987 245 1054 levissime
267 989 362 1053 ferre.
407 988 499 1054 Meus
523 989 650 1054 animus
673 991 735 1054 crit
752 991 790 1053 in
811 992 843 1052 te
863 989 1044 1073 liberosque

32 1095 33 1110 ³
102 1079 163 1142 tuos
184 1099 319 1162 semper,
342 1099 438 1163 quern
461 1080 497 1143 tu
520 1099 589 1142 esse
612 1079 661 1144 ris
685 1078 795 1162 etqui
818 1099 887 1142 esse
911 1077 1014 1141 debet.

520 1289 611 1356 XIX.

103 1398 148 1454 Ser.
165 1402 193 1456 in
215 1401 341 1458 Cumano
365 1403 439 1458 inter
461 1403 508 1528 Iall.
532 1402 709 1528 Medi&
736 1405 767 1459 et
789 1403 837 1460 VI.
860 1401 933 1458 Non.
955 1401 1045 1459 Maias

488 1491 540 1528 .u.
559 1490 583 1528 c.
656 1516 663 1528 .

437 1597 566 1653 CICERO
587 1597 694 1654 RUFO.

32 1747 33 1752 1
156 1694 226 1761 Etsi
248 1696 330 1761 mihi
351 1719 530 1782 numquam
552 1698 685 1763 dubium
707 1697 784 1781 fuit,
814 1697 893 1781 quin
913 1697 975 1761 tibi
998 1719 1044 1762 es·
1065 1714 1079 1762 1

105 1802 159 1847 sem
180 1785 373 1871 carissimus,
394 1791 505 1852 tamen
528 1787 671 1871 quotidie
693 1787 798 1872 magis
821 1787 854 1850 id
876 1786 1045 1870 perspicio,

105 1875 254 1958 exstatque
276 1875 325 1959 id,
352 1876 439 1960 quod
461 1876 541 1940 mihi
565 1877 751 1941 ostenderas
779 1875 972 1960 quibusdam
993 1875 1045 1938 lit·

105 1961 176 2045 leris,
191 1963 253 2028 hoc
274 1967 307 2028 te
328 1965 554 2030 studiosiorem
571 1966 606 2028 in
624 1987 675 2029 me
694 1965 829 2030 colendo
847 1964 926 2044 fore,
949 1985 1045 2047 quam

105 2045 316 2133 inprovincia
342 2053 460 2118 fuisses
487 2089 530 2102 —-
558 2055 618 2118 etsi
646 2075 718 2118 meo
746 2052 864 2116 iudicio
894 2051 977 2115 nihil
1005 2051 1045 2115 ad

105 2137 399 2224 comprovinciale
423 2142 565 2208 officium
588 2143 663 2207 addi
685 2145 793 2227 potest
806 2175 858 2224 -,
881 2161 945 2224 quo
967 2140 1045 2204 libe-

106 2224 159 2289 n'us
178 2228 330 2294 iudicium
353 2253 422 2295 esse
445 2234 556 2315 posset
577 2235 679 2296 tuum.
724 2223 838 2315 Itaque
865 2251 916 2292 me
940 2231 972 2292 et
995 2250 1045 2291 su·

107 2315 228 2393 periotes
242 2319 371 2383 litterae
385 2323 460 2383 tuae
475 2319 648 2386 admodum
663 2320 912 2403 delectaverunt,
929 2317 1045 2402 quibus

107 2403 133 2462 et
158 2410 374 2498 exspectatum
405 2430 512 2473 meum
544 2409 718 2473 adventum
750 2409 808 2473 abe
838 2411 872 2471 te
900 2411 1046 2471 amanter

106 2488 236 2559 videbam
258 2500 305 2580 et,
328 2517 427 2580 quum
450 2497 544 2561 aliter
564 2519 616 2561 res
640 2496 807 2564 cecidisset
829 2517 866 2560 ac
889 2499 1046 2580 putasses,

106 2577 215 2647 teneo
239 2584 375 2649 consilio
398 2606 517 2670 magno
541 2606 637 2670 opere
661 2607 729 2650 esse
751 2586 917 2669 laetatum,
940 2585 1045 2649 ethis

108 2670 241 2745 proximis
263 2673 381 2736 litteris
405 2695 560 2760 magnum
583 2674 654 2758 cepi
676 2673 818 2738 fructum
836 2676 869 2736 et
886 2673 995 2738 iudicii
1014 2677 1046 2737 et

109 2753 189 2822 officii
210 2761 271 2825 tui:
295 2761 414 2846 iudicii,
437 2762 523 2847 quod
541 2762 688 2847 intelligo
706 2765 749 2846 te,
771 2761 804 2825 id
825 2762 911 2846 quod
934 2784 1045 2827 omnes

108 2839 190 2910 fortes
212 2871 249 2914 ac
272 2850 352 2915 boni
374 2851 435 2914 viri
454 2851 560 2916 facere
579 2850 707 2935 debent,
729 2849 811 2914 nihil
829 2853 944 2935 putare
967 2852 1045 2915 utile

109 2949 171 3016 esse,
186 2937 248 3002 nisi
262 2938 350 3023 quod
363 2941 486 3003 rectum
500 2939 736 3023 honestumque
756 2939 811 3022 sit3
834 2940 942 3022 officii,
960 2940 1046 3022 quod

108 3019 277 3110 lemecum,
301 3026 523 3112 quodcumque
547 3029 703 3111 cepissem
725 3027 864 3112 consilii,
885 3027 1045 3110 polliceris

109 3104 248 3206 fcre„quc
267 3111 373 3200 n'eque
391 3115 471 3180 mihi
490 3116 614 3201 gratius
632 3137 746 3200 neque,
763 3119 801 3180 ut
819 3135 879 3199 ego
899 3114 1047 3197 arbitror,

110 3193 157 3261 tbi
166 3199 330 3269 honestius
349 3225 418 3270 esse
433 3205 607 3289 quidquam
621 3207 738 3288 potest.
774 3203 856 3270 Mihi
877 3201 1081 3272 consiliuma

165 3425 308 3500 Ep.18,2.
337 3432 468 3486 kohcime
482 3432 547 3500 (m).
587 3431 797 3486 hanameMB.
817 3459 852 3469 —
871 3429 981 3484 calmae
995 3430 1048 3484 erit

111 3489 154 3562 lt,
166 3501 264 3572 vulgo).
302 3503 477 3558 neema.
513 3502 664 3572 Ep.19,1.
692 3499 1045 3568 ouaproaemumwi.

111 3567 171 3622 aa
185 3571 225 3626 aes
236 3590 283 3644 pr.
301 3573 438 3643 naa-n,
456 3573 487 3628 Β.
