2676 3984
372 208 631 266 EPISTOLARUM
648 210 695 265 IX.
715 217 811 266 9-10.
1001 211 1068 277 269

567 472 609 546 X.

149 590 209 646 Sor.
233 590 340 648 Romae
363 593 480 647 exeunte
502 608 597 647 mense
620 591 701 719 {giga
725 593 774 647 aut
796 591 910 648 ineunte
932 589 1035 648 Martio

494 679 518 716 a.
538 680 565 717 u.
584 680 607 718 c.
682 705 688 717 .

291 803 329 858 M.
348 802 478 858 CICERO
499 803 525 859 S.
544 805 577 858 D.
595 805 626 859 P.
645 803 896 860 DOLABELLAE.

181 901 260 968 Non
282 925 354 969 sum
377 926 474 969 ausus
497 902 605 970 Salvio
628 909 742 970 nostro
764 905 847 969 nihil
869 905 910 969 ad
932 907 965 969 tc
987 903 1106 969 litte-1

113 994 225 1056 rarum
248 991 337 1076 darc,
363 1015 424 1057 nec
445 993 626 1058 mehercule
648 994 823 1081 habebam,
849 993 927 1076 quid
957 993 1072 1059 scribe-

114 1103 194 1163 rem,
216 1080 279 1144 nisi
301 1084 333 1145 te
358 1104 377 1146 a
399 1103 450 1146 me
473 1081 662 1146 mirabiliter
685 1082 800 1166 amari,
827 1081 866 1145 de
889 1103 953 1164 quo
977 1082 1090 1145 etiam*

116 1169 208 1234 nihil.
223 1170 382 1236 scribente
404 1192 456 1234 me
473 1173 506 1234 te
525 1192 593 1234 non
611 1171 758 1235 dubitare
776 1172 863 1234 certo
888 1169 963 1234 scio.
1000 1168 1074 1234 Om-

117 1259 196 1323 nino
229 1257 310 1322 mihi
336 1259 440 1344 magis
470 1259 597 1323 litterae
629 1263 707 1324 sunt
735 1258 968 1343 exspectandae
992 1279 1011 1322 a
1032 1261 1075 1342 te,

118 1368 216 1431 quam
239 1368 259 1410 a
280 1368 331 1411 mc
358 1347 431 1432 tibi,
457 1347 540 1412 nihil
567 1347 653 1412 enim
675 1347 799 1414 Romae
826 1347 961 1432 geritur,
989 1347 1075 1430 quod

117 1439 151 1499 te
174 1438 286 1519 putem
308 1435 388 1501 scire
412 1457 531 1519 curare,
554 1437 618 1502 nisi
638 1436 723 1504 forte
743 1437 823 1501 scire
846 1435 895 1501 vis
917 1457 968 1501 me
990 1436 1077 1500 inter

119 1523 248 1588 Niciam
269 1527 419 1590 nostrum
445 1529 478 1589 et
500 1523 633 1590 Vidium
659 1526 797 1592 iudicem
825 1547 903 1590 esse.
948 1524 1078 1590 Profert

120 1614 214 1696 alter,
242 1612 371 1696 opinor,
402 1613 527 1679 duobus
559 1615 723 1684 versiculis
752 1635 929 1699 expensum
950 1611 1095 1695 Niciam«

120 1702 210 1786 alter,
233 1699 450 1787 Aristarchus
466 1703 527 1768 hos
550 1697 700 1782 ὀβελίζει.
742 1701 815 1788 Ego
833 1706 1000 1786 tamquam
1018 1702 1077 1766 cri-

120 1790 204 1854 ticus
219 1790 371 1874 antiquus
384 1791 582 1858 iudicaturus
597 1813 676 1872 sum,
694 1794 803 1855 utrum
817 1792 883 1856 sint
906 1791 966 1852 τοῦ
981 1808 1071 1870 ποιη-

120 1879 182 1939 τοῦ
214 1900 257 1942 an
290 1877 611 1960 παρεμβεβλημὲνοι.
663 1877 748 1944 Puto
785 1885 812 1944 te
842 1900 930 1944 nunc
961 1877 1113 1942 dicereza

121 1965 302 2050 „oblitusne
325 1989 360 2031 es
381 1967 482 2052 igitur
509 1966 686 2052 fungorum
712 1968 857 2052 illorum,
889 1988 970 2051 quos
992 1965 1079 2048 apud

121 2053 260 2140 Niciam,
283 2059 316 2120 et
337 2056 519 2141 ingentium
541 2056 563 2135 †
582 2056 726 2120 cularum
749 2078 822 2121 cum
846 2056 961 2140 sophia
983 2053 1079 2137 septi-

121 2142 240 2208 mae?“
280 2143 363 2219 Quid
385 2143 485 2230 ergo?
507 2147 545 2208 tu
568 2144 647 2209 adeo
670 2144 751 2209 mihi
773 2165 941 2209 excussam
964 2141 1080 2206 sevcri-

122 2235 225 2297 tatem
242 2237 383 2299 veterem
400 2235 505 2316 putas,
527 2235 622 2297 utne
640 2233 676 2297 in
693 2232 766 2297 foro
783 2234 906 2314 quidem
927 2230 1080 2315 reliquiae

123 2321 279 2406 pristinae
305 2321 423 2387 frontis
455 2320 654 2405 appareant?
705 2319 767 2386 sed
794 2325 906 2387 tamen
931 2319 1116 2385 suavissit

124 2431 214 2474 mum
232 2403 426 2490 συμβιωτὴν
447 2413 596 2475 nostrum
612 2411 784 2494 praestabo
803 2410 1001 2496 integellum,
1021 2429 1082 2472 nec

125 2497 338 2581 committam,
364 2501 415 2582 ut,
442 2497 470 2564 si
492 2519 552 2584 ego
576 2521 650 2564 cum
672 2500 903 2583 condemnaro,
931 2501 969 2562 tu
990 2496 1081 2561 resti·

123 2589 208 2670 tuas,
229 2589 267 2651 ut
288 2586 408 2651 habeat
430 2585 536 2651 Bursa
557 2583 705 2672 Plancus,
730 2589 817 2673 apud
840 2609 935 2672 quem
957 2587 1082 2651 litteras

125 2674 236 2739 discat.
282 2671 345 2740 Sed
377 2675 454 2759 quid
485 2675 571 2762 ago?
603 2698 702 2760 quum
733 2677 816 2742 mihi
846 2677 889 2740 sit
914 2676 1083 2760 incertum,

124 2763 343 2847 tranquillone
370 2764 414 2828 sis
442 2765 550 2830 animo
579 2787 635 2849 an,
661 2767 699 2829 ut
725 2765 761 2829 in
787 2765 887 2848 bello,
912 2763 949 2829 in
975 2763 1084 2847 aliqua

125 2851 303 2917 maiuscula
335 2873 412 2917 cura
443 2853 614 2938 negotiove
645 2874 786 2938 versere,
817 2853 911 2918 labor
940 2853 1083 2937 longius,

126 2961 226 3023 quum
252 2941 353 3025 igitur
374 2940 455 3006 mihi
478 2942 540 3006 erit
561 2943 763 3026 exploratum
790 2945 822 3006 te
852 2941 991 3006 libenter
1014 2961 1083 3006 esse

126 3027 279 3112 risurum,
311 3029 450 3094 scribam
482 3030 523 3094 ad
550 3033 583 3094 tc
609 3031 765 3115 pluribus.
814 3030 860 3095 Te
889 3033 999 3094 tamen
1021 3028 1084 3093 hoc

128 3115 208 3181 scire
239 3117 327 3202 volo,
358 3118 565 3184 vehementer
596 3121 753 3206 populum
785 3119 958 3185 sollicitum
983 3116 1085 3182 fuisse

198 3343 250 3414 Ep.
271 3350 352 3414 10,1.
379 3347 452 3414 qued
469 3347 610 3401 emicem
625 3346 730 3416 (amaa
748 3375 782 3387 -
802 3346 879 3410 alter,
897 3343 1085 3410 Aristaeno,

126 3414 174 3468 boc
193 3415 269 3483 (Ψ).
307 3433 333 3471 a.
352 3415 387 3470 A.
406 3418 454 3472 boc
471 3418 565 3489 vulgo.
605 3423 636 3471 ρ2.
663 3417 778 3472 Niciam
795 3417 884 3482 edisti,
902 3420 928 3470 ct
946 3415 1031 3482 (W.)?
1050 3441 1086 3454 --

126 3487 269 3626 placitatum
286 3491 378 3628 &affligi
391 3489 489 3558 sophia
505 3489 634 3558 septimae
652 3487 776 3556 (Gron.)?
795 3517 829 3528 -
847 3491 879 3542 at
896 3486 996 3542 babcuc
1009 3484 1084 3554 (W).
