2556 3986
319 231 577 288 ammonitrum
595 232 668 286 xiv.
689 238 801 286 12-16.
975 229 1041 296 493

79 375 180 442 modo
207 379 245 440 ut
271 376 352 441 haec
378 376 473 442 nobis
500 377 572 441 loca
598 379 708 445 tenere
731 377 842 460 liceat,
867 375 1043 440 bellissime

80 464 137 530 vel
163 485 290 530 mecum
317 465 368 528 vel
394 467 430 530 in
461 465 581 530 nostris
614 465 753 550 praediis
786 485 855 530 esse
886 463 1043 548 poteritis.

79 552 196 617 Etiam
217 553 298 618 illud
320 554 495 620 verendum
518 556 576 638 est,
598 574 639 618 ne
662 553 752 619 brevi
774 558 919 637 tempore
941 552 1044 617 fames

80 642 120 706 iu
148 641 227 706 urbe
254 642 306 715 sit.
350 640 411 706 His
440 642 479 706 de
505 642 601 707 rebus
628 643 725 706 velim
754 663 828 707 cum
854 640 1078 726 Pomponius

81 751 158 796 cum
182 726 332 813 Camillo,
354 751 427 796 oum
450 731 567 814 quibus
589 731 681 796 vobis
704 731 878 814 videbitur,
900 729 1044 795 conside-

85 818 175 901 retis,
198 818 239 882 ad
263 840 421 884 summam
444 821 552 886 animo
579 821 658 884 forti
680 820 763 886 sitis:
790 819 953 884 Labienus
975 839 1045 882 rem

83 906 251 971 meliorem
274 908 364 990 fecit,
391 907 524 974 adiuvat
551 909 648 974 etiam
670 907 760 992 Piso,
787 907 872 992 quod
900 906 941 971 ab
964 907 1043 971 urbe

84 994 223 1060 discedit
240 999 273 1060 et
291 997 419 1062 sceleris
442 997 637 1061 condemnat
654 1017 811 1082 generum
828 1017 931 1060 suum.
966 994 1045 1078 Vos,

84 1105 177 1148 meae
205 1085 388 1150 carissimae
417 1086 557 1170 animae,
585 1107 681 1169 quam
709 1084 895 1168 saepissime
923 1083 964 1148 ad
992 1103 1044 1148 me

86 1171 230 1258 scribito,
262 1176 296 1237 et
324 1195 383 1238 vos
415 1175 492 1259 quid
524 1173 629 1259 agatis
657 1177 689 1238 et
716 1173 793 1257 quid
818 1172 892 1237 istic
920 1174 1045 1258 agatur.

86 1258 227 1334 Quintus
249 1266 342 1346 pater
364 1266 398 1326 et
418 1261 504 1326 filius
525 1261 682 1328 stitutus
700 1262 793 1327 vobis
812 1282 838 1326 s.
855 1261 885 1327 d
920 1259 1046 1327 Valete.

86 1366 157 1413 viu.
180 1349 251 1414 Kal.
274 1349 460 1416 Minturnis.
804 1389 806 1398 ι

530 1545 602 1612 XV.

194 1656 251 1712 aar.
271 1657 413 1713 Brundisii
430 1658 490 1712 XII.
508 1658 571 1712 Kal.
592 1657 724 1724 Quinctil.
744 1673 815 1742 aa.
833 1672 857 1712 a.
878 1661 937 1712 rot.

318 1779 472 1834 TULLIUS
492 1781 519 1836 S.
537 1781 571 1835 D.
591 1778 810 1835 TERENTIAE.

157 1873 191 1942 Si
213 1878 315 1963 vales,
345 1880 427 1943 bene
455 1883 513 1944 est.
559 1878 850 1962 Constitueramus,
881 1880 918 1941 nt
949 1877 990 1942 ad
1012 1881 1046 1942 to

90 1968 187 2030 autea
214 1967 419 2051 scripseram,
447 1967 575 2032 obviam
602 1966 790 2033 Ciceronem
817 1962 947 2031 Caesari
973 1967 1045 2031 mit

88 2058 171 2138 tere,
198 2055 254 2121 sed
277 2057 472 2120 mutavimus
500 2056 682 2140 consilium,
709 2053 786 2138 quia
812 2053 852 2119 de
877 2053 964 2119 illius
992 2055 1046 2120 ad-

90 2147 190 2208 ventu
221 2144 303 2208 nihil
339 2144 556 2210 audiebamus.
609 2143 659 2209 De
691 2142 805 2207 ceteris
840 2142 950 2227 rebus,
986 2144 1047 2208 etsi

90 2231 173 2295 nihil
196 2237 266 2297 erat
287 2233 377 2317 novi,
403 2236 528 2318 tamen,
554 2233 630 2317 quid
657 2231 792 2298 velimus
820 2234 854 2295 et
880 2231 957 2315 quid
984 2231 1047 2297 hoc

90 2324 234 2404 tempore
252 2324 402 2404 putamus
416 2343 502 2406 opus
521 2343 599 2405 esse,
622 2343 661 2386 ex
679 2318 771 2386 Sicca
788 2319 909 2403 potaris
928 2341 1046 2406 cogno·

91 2429 186 2474 scere.
232 2409 371 2476 Tulliam
394 2410 499 2476 adhuc
521 2433 647 2475 mecum
668 2415 774 2474 teneo.
819 2407 1047 2474 Valetudinem

90 2503 180 2563 tuam
203 2520 280 2564 cura
302 2493 482 2584 diligentar.
527 2498 618 2564 Vale.
654 2517 712 2564 xn.
734 2495 775 2562 Κ.
798 2495 984 2573 Quinctiles.

523 2693 613 2759 XVl.

167 2801 225 2859 Sor.
243 2803 384 2860 Brundisii
402 2805 474 2877 prid.
493 2805 590 2861 Nonas
608 2805 752 2871 Ianuarias
772 2823 797 2860 a.
816 2824 843 2861 u.
864 2820 887 2858 c.
907 2809 967 2859 ior.

268 2929 423 2985 TULLIUS
442 2928 653 2984 TERENTIAE
673 2929 766 2985 SUAE
786 2930 813 2985 S.
831 2929 865 2986 D.

157 3027 188 3094 S.
210 3052 240 3095 v.
262 3029 293 3094 b.
316 3052 342 3094 e.
366 3053 391 3095 a.
414 3053 444 3095 u.
490 3029 564 3095 Etsi
587 3030 744 3097 eiusmodi
765 3035 913 3115 tempora
934 3033 1048 3096 nostra

92 3121 176 3202 suut,
198 3120 237 3182 ut
258 3119 340 3184 nihil
357 3118 505 3203 habeam,
528 3119 614 3203 quod
633 3123 690 3185 aut
707 3142 727 3185 a
744 3123 776 3184 te
794 3119 976 3185 litterarum
995 3139 1046 3183 ex·

92 3210 232 3291 spectem
256 3211 313 3272 aut
334 3208 403 3291 ipse
426 3207 468 3272 ad
490 3211 522 3272 te
541 3208 688 3293 scribam,
709 3213 820 3273 tamcm
837 3208 946 3273 nescio
969 3228 1047 3291 quo-

92 3296 186 3361 modo
210 3298 243 3361 et
264 3296 333 3380 ipse
355 3298 480 3360 vestras
503 3296 627 3361 litteras
648 3302 798 3382 exspecto
823 3299 856 3361 et
878 3295 982 3361 scribo
1006 3295 1047 3359 ad

160 3503 212 3574 Ep.
233 3511 274 3571 14,
289 3510 314 3559 2.
341 3506 416 3559 sitia:
434 3503 468 3559 L.
489 3505 563 3574 (WA.
599 3523 620 3560 a.
649 3506 683 3560 L.
702 3506 797 3580 vulgo.
839 3505 890 3576 Ep.
912 3513 952 3560 16.
986 3522 1006 3560 e.
1025 3524 1046 3560 e.

92 3575 166 3644 (W.).
202 3592 224 3630 c.
242 3574 307 3630 ΜΒ.
336 3577 491 3632 litterarum
509 3593 582 3646 casp.
602 3576 659 3645 (M,
677 3575 781 3646 vulgo).
820 3576 862 3649 [h]
881 3595 902 3632 c.
921 3577 996 3646 Em,
1015 3575 1046 3633 B.
