2658 3986
391 256 649 312 episnomncn
667 255 714 312 v1.
736 263 847 313 19-21,
1037 257 1099 322 189
1155 237 1162 254 '

579 504 668 570 XXI.

305 617 363 673 Ser.
383 617 503 672 Asturae
521 634 615 672 mense
634 618 725 687 Aprili
744 634 768 672 a.
788 617 814 672 u.
834 636 857 673 e.
878 624 936 675 709.

463 740 592 796 CICERO
609 740 782 797 TORANIO.

211 840 299 925 Etsi,
327 862 427 924 quum
453 841 533 905 hoec
560 842 601 904 ed
623 844 656 905 te
684 841 875 926 scribebam,
902 847 960 907 eut
986 858 1134 928 appio-1

144 931 302 1015 pinquere
326 929 430 993 exitus
452 929 548 994 huius
571 929 841 994 calamitosissimi
858 932 934 997 belli
957 937 1015 996 aut
1035 934 1101 996 iam

146 1017 269 1101 aliquid
292 1019 400 1082 actum
423 1021 456 1081 et
478 1017 660 1082 confectum
681 1017 863 1102 videbatur,
891 1023 1002 1084 tamen
1023 1043 1101 1104 quo·

144 1107 224 1170 tidie
257 1106 547 1170 commemorabam
578 1108 610 1169 te
641 1127 743 1169 unum
774 1106 809 1169 in
840 1108 934 1172 tento
961 1110 1101 1172 exercitu

145 1193 227 1258 mihi
249 1194 348 1258 fuisse
372 1215 572 1258 assensorem
595 1195 628 1256 et
654 1215 705 1256 me
726 1193 787 1258 tibi
810 1195 959 1279 solosque
977 1217 1038 1260 nos
1055 1198 1100 1261 vi·

145 1282 245 1366 disse,
267 1283 424 1366 quantum
447 1285 533 1346 esset
552 1281 588 1345 in
610 1303 649 1346 eo
671 1281 757 1346 bello
780 1283 871 1366 mali,
900 1283 935 1347 in
958 1305 1022 1367 quo
1045 1306 1101 1369 spe

145 1371 236 1455 pacis
259 1371 387 1434 exclusa
408 1371 480 1453 ipse
501 1370 635 1434 victoria
656 1369 767 1434 futura
785 1375 870 1435 esset
888 1372 1101 1455 acerbissima,

147 1479 230 1542 quae
258 1461 315 1522 aut
340 1459 506 1522 interitum
534 1459 672 1522 allatura
693 1462 791 1542 esset,
820 1459 848 1524 si
875 1460 979 1524 victus
1006 1483 1102 1544 esses,

147 1550 214 1630 aut,
236 1547 265 1610 si
287 1546 427 1630 vicisses,
449 1547 645 1611 servitutem.
684 1546 798 1630 Itaque
821 1569 891 1632 ego,
914 1570 1010 1633 quem
1031 1552 1102 1614 tum

146 1635 249 1700 fortes
267 1635 314 1698 illi
332 1635 393 1698 viri
411 1638 445 1699 et
462 1635 632 1719 sapientes,
653 1634 789 1700 Domitii
807 1640 840 1700 et
857 1635 996 1722 Lentuli,
1017 1638 1101 1701 timi·

147 1722 225 1788 dum
253 1743 322 1787 esse
348 1722 498 1788 dicebant
513 1759 557 1778 .-
577 1743 664 1787 eram
690 1725 800 1807 plane3
826 1725 980 1790 timebam
1007 1726 1102 1808 enim,

147 1832 189 1875 ne
222 1812 387 1876 evenirent
418 1833 469 1893 ea,
501 1833 581 1895 quse
609 1815 795 1876 acciderunt
816 1847 872 1896 -,
899 1812 984 1877 idem
1014 1835 1102 1878 nunc

148 1899 232 1963 nihil
263 1900 361 1964 timeo
394 1903 427 1964 et
458 1899 497 1963 ed
528 1913 656 1964 omnem
682 1903 833 1964 eventum
859 1905 991 1985 paratus
1019 1923 1101 1966 sum:

149 2009 250 2074 quum
270 1986 389 2071 aliquid
406 1987 575 2053 videbatur
593 1988 698 2052 caveri
714 2009 820 2072 posse,
841 1991 911 2053 tum
929 1989 963 2052 id
980 1990 1103 2074 negligi

148 2075 312 2159 dolebam,
337 2096 425 2140 nunc
451 2097 527 2140 vero
554 2076 673 2140 eversis
696 2077 845 2140 omnibus
867 2076 977 2160 rebus,
1003 2099 1103 2161 quum

149 2165 285 2229 consilio
307 2164 420 2248 profici
437 2164 519 2228 nihil
537 2164 650 2247 possit,
671 2185 737 2228 una
754 2164 837 2228 ratio
856 2164 990 2249 videtur,
1013 2164 1103 2247 quid·

150 2252 228 2336 quid
260 2253 415 2336 evenerit,
449 2253 533 2316 ferre
568 2252 746 2334 moderate,
781 2252 969 2336 praesertim
1005 2274 1104 2336 quum

150 2341 295 2406 omnium
325 2361 433 2404 rerum
463 2361 550 2404 mers
582 2340 625 2404 sit
659 2343 836 2404 extremum
867 2344 901 2404 et
931 2341 1012 2405 mihi
1043 2342 1104 2405 sim

149 2429 299 2494 conscius
325 2450 391 2513 me,
418 2428 523 2512 quoed
548 2428 688 2512 licuerit,
715 2429 866 2514 dignitati
887 2428 935 2493 rei
956 2429 1103 2514 publicae

150 2517 350 2582 consuluisse
373 2521 406 2581 et
427 2516 488 2581 hac
507 2517 625 2581 amisse
645 2518 783 2581 salutem
799 2518 938 2582 retInere
955 2518 1103 2583 voluisse.

149 2604 242 2670 Haec
264 2605 391 2689 scripsi,
417 2625 485 2670 non
511 2608 549 2669 ut
571 2606 609 2671 de
632 2627 683 2669 me
709 2606 778 2689 ipse
806 2605 957 2689 dicerem,
984 2607 1040 2670 sed
1067 2611 1138 2674 uta

149 2697 197 2776 tu,
219 2693 275 2777 qui
297 2693 559 2758 coniunctissima
580 2693 672 2757 fuisti
693 2714 819 2758 mecum
837 2697 870 2758 et
888 2695 1050 2759 sententia
1072 2699 1105 2758 et

150 2782 327 2866 voluntate,
349 2782 461 2845 eedem
484 2780 655 2866 cogitares,
676 2802 797 2866 magna
819 2782 905 2846 enim
926 2783 1103 2848 consolatio

151 2871 211 2953 est,
234 2891 332 2952 quum
354 2869 536 2952 recordere,
558 2869 684 2934 etiamsi
707 2891 798 2934 secus
821 2870 980 2954 occiderit,
1001 2875 1035 2935 te
1056 2874 1104 2935 ta·

150 2978 227 3021 men
253 2961 339 3021 recte
364 2977 502 3041 vereque
528 2958 675 3022 sensisse.
723 2957 831 3042 Atque
858 2959 983 3023 utinam
1009 2958 1106 3023 liceat

151 3045 325 3129 aliquando
353 3047 461 3129 aliquo
487 3046 534 3110 rei
560 3045 707 3129 publicae
735 3049 822 3111 stetu
850 3067 911 3112 nos
934 3046 998 3110 frui
1020 3047 1105 3110 inter

151 3153 275 3217 nosque
297 3134 443 3198 conferre
466 3133 696 3212 sollicitudines
713 3138 852 3219 nostras,
874 3156 954 3218 ques
973 3135 1104 3218 pertuli-

150 3225 329 3306 mustum,
352 3243 451 3305 quum
472 3221 576 3286 timidi
598 3222 800 3308 putabamur,
823 3223 898 3306 quia
921 3221 1104 3286 dicebamus

152 3309 340 3393 ecfututa,
371 3310 566 3393 quaefacta
593 3313 677 3374 sunt
728 3309 777 3376 De
803 3311 869 3374 tuis
899 3310 995 3375 rebus
1022 3309 1139 3376 nihile

222 3517 274 3587 Ep.
294 3523 380 3586 21,1.
401 3505 458 3572 'me
474 3523 500 3571 ct
517 3519 608 3588 quoad
630 3517 701 3588 (ων
721 3548 754 3558 -
773 3518 1104 3587 retransmisissem).

152 3592 199 3642 ret.
218 3590 338 3642 noluisse
355 3603 453 3659 margo
471 3587 554 3655 Crat,
572 3589 603 3644 B.
639 3596 665 3642 2.
693 3589 830 3642 recordere
847 3587 918 3656 ind?
