2568 3980
266 189 329 256 116
548 187 583 244 ll.
602 187 728 244 TULLII
745 185 938 244 CICERONIS

695 435 785 503 XIV.

428 549 487 608 θοι.
506 551 612 606 Romae
632 551 707 622 (post
725 550 758 604 Κ.
774 549 846 619 Oet.)
864 565 890 606 a.
909 567 936 604 ιι.
956 565 979 604 c.
1000 555 1060 606 tos.

471 675 509 730 M.
528 673 703 730 CICEROS.
722 673 756 728 D.
776 672 832 729 CN.
850 671 1019 729 PLANCIO

230 793 244 842 1
331 773 511 845 Binasat
512 796 529 839 e
557 773 666 859 accepi
692 773 817 838 litteras
846 771 988 859 Corcyra
1013 773 1120 859 datas,
1148 743 1257 858 qua-l

262 885 336 930 rum
369 863 477 928 alteris
508 862 589 928 mihi
620 860 841 947 gratulabare,
877 862 964 945 quod
996 863 1141 928 audisses
1172 885 1218 927 me
1256 855 1257 928 l

263 973 370 1018 meam
396 953 463 1036 pris
465 951 568 1016 tinam
596 949 702 1036 dignit
703 953 790 1014 atem
817 949 977 1036 obtinere,
1004 951 1115 1017 alteris
1142 951 1257 1024 dice

263 1042 383 1107 baste
366 1041 505 1125 evelle,
532 1060 614 1126 quae
642 1039 794 1125 egissem,
820 1039 902 1104 bene
931 1043 964 1104 et
989 1039 1144 1105 feliciter
1155 1061 1218 1106 eve·
1256 1027 1257 1132 l

263 1131 343 1196 nire.
387 1128 461 1216 Ego
485 1131 606 1212 auem,
635 1129 663 1194 si
690 1127 833 1230 dignitas
861 1131 911 1193 est
937 1129 1020 1194 bene
1047 1129 1086 1193 de
1108 1150 1145 1194 re
1153 1151 1257 1281 pu·
1256 1135 1257 1182 l

264 1219 350 1284 blica
373 1240 431 1282 sen
431 1218 493 1282 tire
520 1220 553 1282 et
574 1217 669 1282 bonis
697 1217 774 1282 viris
801 1216 952 1319 probare,
980 1216 1066 1301 quod
1094 1221 1167 1282 sent
1167 1217 1218 1300 ias,
1256 1185 1257 1274 l

264 1307 396 1372 obtineo
420 1305 613 1392 dignitatem
639 1325 758 1389 meam3
784 1306 837 1371 sin
860 1306 1005 1370 autem
994 1327 1031 1370 ιιι
1057 1327 1097 1372 eo
1121 1305 1218 1391 digni-

264 1399 316 1460 tas
340 1396 390 1459 cst
389 1395 459 1479 ,si,
481 1393 567 1478 quod
590 1394 724 1478 sentias,
753 1397 865 1459 autre
889 1393 1015 1459 efficere
1019 1395 1145 1546 tpossis
1168 1396 1219 1458 aul

265 1483 403 1567 denique
419 1483 523 1548 libera
541 1485 613 1548 orat
613 1482 687 1547 ione
706 1482 886 1567 defendere,
903 1504 944 1547 ne
962 1483 1138 1569 vestigium
1157 1483 1217 1567 qui-

265 1572 338 1636 dem
360 1572 463 1636 ullum
485 1573 535 1636 est
556 1570 716 1654 reliquum
737 1570 833 1636 nobis
852 1571 1030 1657 dignitatis,
1053 1573 1217 1657 agiturque

264 1661 441 1745 praeclare,
464 1659 492 1724 si
513 1663 643 1724 nosmet
664 1659 753 1744 ipsos
775 1679 886 1746 regere
909 1681 1095 1744 possumus,
1119 1665 1156 1725 ut
1176 1681 1218 1742 ea,

265 1771 347 1834 quae
373 1749 492 1832 partim
523 1748 589 1813 iam
616 1751 743 1832 assunt,
774 1749 893 1832 partim
924 1749 1127 1834 impendent,
1157 1770 1217 1814 mo-

265 1839 374 1902 derate
396 1837 548 1919 feramus,
571 1836 657 1920 quod
680 1840 730 1902 est
748 1836 877 1902 difficile
900 1837 935 1901 in
953 1838 1112 1903 eiusmodi
1130 1838 1217 1919 bello,

265 1927 356 1991 cuius
388 1926 492 1991 exitus
524 1947 563 1996 ex
586 1926 688 1990 altera
718 1929 810 2009 parte
843 1925 973 1990 caedem
1000 1929 1158 2011 ostentat,
1183 1947 1217 1989 ex

230 2041 246 2090 ι
265 2017 367 2080 altera
385 2015 584 2080 servitutem:
608 2035 672 2098 quo
690 2013 726 2078 in
743 2014 886 2098 periculo
904 2014 1055 2080 nonnihil
1076 2035 1130 2092 me
1149 2035 1216 2079 con·

234 2113 238 2120 '
266 2105 397 2189 solatur,
420 2126 520 2188 quum
541 2103 692 2168 recordor
714 2102 795 2168 haec
814 2106 955 2168 metum
973 2103 1101 2186 vidisse,
1125 2125 1216 2188 quum

265 2192 421 2258 secundas
449 2193 547 2256 etiam
578 2213 629 2255 res
661 2194 803 2276 nostras,
834 2212 902 2256 non
933 2191 1030 2256 modo
1062 2192 1217 2272 adversas,

264 2279 530 2364 pertimescebam
547 2278 775 2366 videbamque,
790 2283 911 2364 quanto
929 2280 1073 2364 periculo
1092 2281 1132 2344 de
1154 2281 1216 2344 iure

263 2366 393 2452 publico
417 2366 650 2450 disceptaretur
672 2369 783 2453 armis,
811 2369 927 2452 quibus
955 2369 983 2432 si
1009 2368 1033 2432 ii
1060 2369 1216 2450 vicissent,

265 2455 306 2520 ad
338 2476 418 2539 quos
450 2475 511 2540 ego
543 2455 632 2538 pacis
661 2477 730 2540 spe,
761 2477 829 2521 non
861 2457 937 2521 belli
964 2456 1142 2541 cupiditate
1169 2456 1216 2520 ad-

265 2543 380 2608 ductus
412 2563 621 2627 accesseram,
652 2547 762 2609 tamen
794 2545 1028 2631 intelligebam,
1060 2549 1094 2609 et
1125 2546 1216 2610 irato·

263 2653 337 2696 rum
358 2632 528 2698 hominum
555 2635 589 2696 et
615 2633 804 2716 cupidorum
832 2637 864 2698 et
891 2634 1101 2699 insolentium
1125 2655 1215 2719 quam

264 2721 401 2785 crudelis
420 2724 505 2786 essct
522 2720 633 2785 futura
650 2721 793 2806 victoria,
812 2722 863 2786 sin
882 2727 990 2787 autem
1008 2723 1085 2788 victi
1104 2724 1215 2802 essent,

264 2813 404 2894 quantus
426 2809 577 2875 interitus
605 2813 690 2875 esset
711 2809 839 2876 futinus
866 2810 984 2876 civium
1013 2811 1133 2896 partim
1156 2832 1215 2875 am·

264 2898 491 2982 plissimorum,
513 2897 632 2982 partim
650 2899 749 2964 etiam
766 2899 972 2984 optimorum,
994 2900 1049 2984 qui
1067 2921 1119 2964 me
1142 2900 1215 2964 haec

263 2986 502 3071 praedicentem
524 2989 620 3070 atque
644 2987 764 3070 optime
783 2988 1004 3052 consulentem
1023 2989 1122 3053 saluti
1144 3005 1214 3052 suae

263 3075 429 3141 malebant
454 3075 591 3140 nimium
616 3074 765 3139 timidum
797 3095 894 3160 quam
921 3077 1000 3142 satis
1029 3077 1213 3160 prudentem

228 3165 330 3234 sexis
332 3164 448 3242 timeri.
495 3163 587 3241 Quod
611 3168 719 3228 autem
741 3164 821 3230 mihi
844 3164 883 3229 de
906 3187 958 3252 eo,
981 3164 1068 3250 quod
1090 3165 1213 3252 egerim,

265 3239 513 3354 gratularis,te
545 3253 592 3317 ita
623 3253 704 3318 velle
736 3256 823 3319 certo
856 3253 936 3340 scio,
968 3254 1024 3320 sed
1057 3275 1118 3341 ego
1151 3258 1213 3317 tan

264 3461 389 3599 omfpi
411 3468 455 3530 14,
476 3468 500 3517 1.
547 3461 668 3533 diaspro
699 3462 863 3534 (Mart-h).
919 3461 1035 3534 Corcyra
1064 3463 1102 3518 11.
1155 3461 1212 3518 cor·
