2556 3986
71 205 74 208 ’
168 190 205 244 Μ.
220 189 344 245 TULLII
358 189 549 265 CICERONIS
563 189 821 246 EPISTOLARUM
835 189 894 244 XV.
912 197 934 244 1.
948 197 950 202 '
970 189 1045 253 ,499

89 336 124 398 11
150 334 270 398 finibus
294 331 475 418 Lycaoniae
503 337 536 400 11
564 331 785 419 Cappadociae
812 333 892 402 mibi
919 334 1045 400 litterae

89 423 231 487 redditae
256 427 332 486 sunt
355 445 374 486 1
397 422 660 507 Tarcondimoto,
687 423 742 507 qui
768 422 974 488 fidelissimus
997 445 1046 488 so·

89 513 157 576 cius
179 514 271 574 trans
297 510 440 576 Taurum
467 510 741 595 amicissimusque
768 511 880 596 populi
906 510 1046 576 Romani

90 599 301 682 existimatur,
321 597 481 665 Pacorum
503 596 601 664 Orodi
623 599 709 684 regis
727 598 922 666 Parthorum
943 599 1046 664 filium
1171 615 1174 619 ·

90 708 164 752 cum
186 707 362 772 permagno
386 687 531 772 equitatu
551 686 702 754 Parthico
724 689 880 754 transisse
902 687 1046 771 Euphra-

89 780 157 840 tem
175 779 207 840 et
225 778 331 840 castra
348 776 494 860 posuisse
508 775 618 860 Tybae
636 797 853 861 magnumque
870 777 1046 842 tumultum

90 886 159 928 1111
186 865 221 927 in
247 864 415 948 provincia
437 862 530 949 Syria
562 865 749 948 excitatum,
780 865 893 930 eodem
924 865 976 929 die
1005 865 1046 928 ab

89 951 282 1034 Iamblicho,
303 951 480 1036 phylarcho
504 951 663 1037 Arabum,
690 974 786 1036 quem
806 952 956 1019 homines
979 953 1046 1037 opi·

90 1044 211 1106 uantur
241 1040 323 1105 bene
352 1041 471 1106 sentire
498 1041 698 1125 amicumque
726 1063 794 1107 esse
826 1041 873 1106 111
899 1041 1046 1126 publicae

91 1133 230 1212 nostrae,
251 1129 378 1202 litterae
397 1129 436 1194 de
454 1129 568 1194 iisdem
586 1130 681 1194 rebus
700 1130 780 1194 mihi
798 1129 940 1194 redditae
962 1133 1046 1194 sunt.

90 1215 151 1282 His
178 1218 274 1291 rebus
302 1217 422 1302 allatis,
449 1217 511 1283 etsi
536 1218 758 1303 intelligebam
784 1217 889 1284 socios
919 1217 1081 1282 infirmes

92 1307 252 1372 animatos
274 1327 343 1370 1111
367 1309 400 1372 11
420 1327 579 1372 novarum
595 1328 703 1370 rerum
722 1306 960 1391 exspectatione
979 1329 1046 1370 sur-

91 1416 223 1480 pensos,
250 1394 420 1480 sperabam
446 1397 556 1460 tamen
584 1416 652 1478 eos,
680 1395 720 1458 ad
748 1417 828 1479 quos
855 1395 921 1460 iam
943 1415 1047 1460 acces·

92 1503 197 1547 seram
214 1483 330 1567 quique
349 1488 495 1557 nostram
512 1483 792 1550 mansuetudinem
813 1483 1047 1569 integritatem-

92 1592 153 1656 que
183 1575 427 1656 perspexerant,
456 1572 624 1638 amiciores
654 1573 776 1657 populo
802 1571 950 1637 Romano
978 1594 1047 1637 1111

91 1660 205 1742 111111,
228 1657 374 1724 Cificiam
397 1663 505 1724 autem
526 1660 701 1740 firmiorem
722 1660 802 1744 fore,
825 1661 852 1724 si
875 1661 1047 1744 nequltatis

91 1750 223 1812 nostrae
250 1747 411 1830 particeps
437 1748 526 1811 facta
557 1751 654 1812 esset:
686 1751 720 1811 et
751 1747 793 1812 ob
815 1749 892 1812 'eam
918 1769 1048 1812 causam

93 1836 127 1900 et
153 1837 190 1897 11
218 1833 476 1917 opprimerentur
502 1835 539 1916 ii,
571 1836 626 1918 qui
657 1855 697 1898 11
720 1832 855 1900 Cilicum
878 1838 982 1920 'gente
1012 1836 1049 1899 in

95 1923 193 1986 armis
221 1925 342 2004 essent,
374 1925 407 1986 11
434 1925 472 1986 11
493 1921 596 1988 hostis
622 1922 665 2005 is,
697 1923 752 2005 qui
779 1925 865 1987 esset
889 1924 925 1987 in
948 1920 1049 2008 Syria,

94 2011 192 2075 sciret
214 2009 388 2074 exercitum
410 2011 523 2095 populi
542 2009 682 2075 Romani
704 2031 772 2074 11111
793 2010 891 2075 modo
912 2032 980 2075 non
1002 2031 1049 2075 re·

92 2099 203 2163 cedere
225 2098 266 2162 iis
293 2098 416 2162 nuntiis
444 2099 565 2177 allatis,
592 2098 646 2162 sed
675 2097 773 2162 etiam
799 2099 932 2182 propius
961 2119 1049 2164 acce·

93 2187 181 2270 dere,
208 2185 381 2250 1111111111
408 2185 449 2250 ad
477 2185 618 2251 Taurum
650 2186 777 2251 institui
804 2186 927 2251 ducere.
978 2184 1084 2270 Sede

93 2275 121 2339 si
144 2273 221 2359 quid
244 2273 330 2359 apud
348 2296 406 2339 vos
424 2276 600 2340 auctoritas
619 2295 691 2339 mea
710 2274 862 2360 ponderis
885 2274 992 2358 habet,
1013 2275 1050 2339 in

92 2363 132 2427 iis
154 2362 345 2447 praesertim
367 2363 476 2448 rebus,
503 2385 583 2448 quas
606 2385 663 2428 vos
686 2362 835 2452 audistis,
863 2384 923 2450 ego
946 2385 1049 2449 paene

92 2473 198 2536 cerno,
221 2472 459 2536 magno-opere
482 2474 540 2517 vos
559 2457 592 2517 et
609 2451 722 2517 hortor
740 2455 773 2516 et
791 2473 916 2535 moneo,
938 2455 976 2517 ut
997 2451 1048 2516 his

92 2540 266 2623 provinciis
290 2540 392 2625 serius
415 2535 472 2606 'vos
496 2540 633 2625 quidem,
656 2537 752 2624 quam
774 2541 890 2624 decuit,
913 2540 969 2606 sed
992 2541 1048 2604 ali-

94 2628 222 2711 quando
244 2631 355 2696 tamen
382 2629 567 2694 consulatis.
611 2627 681 2693 Nos
709 2628 978 2712 quemadmodum
1000 2629 1048 2693 111-

94 2719 233 2780 structos
256 2719 289 2780 et
303 2716 427 2801 'quibus
450 2717 617 2801 praesidiis
639 2717 782 2782 munitos
806 2716 847 2780 ad
868 2715 953 2780 tanti
972 2716 1048 2781 belli

94 2804 281 2888 opinionem
312 2805 477 2889 miseritis,
507 2826 576 2870 non
607 2805 684 2872 estis
715 2804 836 2890 ignari:
869 2804 955 2888 quod
982 2825 1047 2890 ego

93 2893 262 2978 negotium
287 2914 355 2957 11111
382 2894 520 2959 stultitia
547 2895 747 2976 occaecatus,
774 2892 830 2956 sed
857 2893 1049 2968 verecundia
1123 2939 1124 2942 ,

93 2981 265 3046 deterritus
283 3003 351 3046 non
368 2983 526 3065 recusavi,
549 3002 653 3066 neque
672 2982 757 3045 enim
776 3002 929 3066 umquam
946 2982 1049 3044 ullum

92 3069 272 3154 periculum
289 3074 417 3134 tautum
435 3069 556 3154 putaui,
575 3070 660 3154 quod
679 3069 901 3155 subterfugere
919 3068 1049 3132 mallem

92 3179 191 3242 quam
213 3161 338 3222 vestrae
362 3158 547 3224 auctoritati
570 3159 800 3242 obtemperare.
845 3156 917 3221 Hoc
940 3159 1083 3226 autema

44 3261 49 3266 ’
92 3249 237 3331 tempore
260 3267 312 3309 res
336 3267 405 3310 sese
429 3246 474 3310 sic
496 3246 604 3329 babet,
626 3249 672 3330 ut,
694 3247 758 3312 uisi
781 3245 954 3309 1111111111
976 3247 1047 3307 tan-

91 3337 172 3414 tum,
196 3337 353 3419 quantum
376 3333 416 3398 ad
440 3335 614 3399 maximum
637 3334 756 3398 bellum
779 3333 907 3397 mittere
930 3332 1049 3416 soletis,

164 3525 215 3595 Ep.
237 3533 260 3596 1,
275 3533 299 3580 3.
318 3531 414 3608 ¹esset:
433 3531 458 3581 et
477 3526 551 3594 (W.).
589 3541 610 3580 e.
638 3525 679 3581 Et
696 3527 789 3597 vulgo.

781 3615 835 3669 32*
