2610 3980
428 999 537 1058 LIBER
555 999 732 1070 QUARTUS.
846 1061 850 1068 .

147 1122 217 1190 uo.
251 1123 354 1192 sna.
382 1123 654 1196 suurmmu
685 1127 749 1197 ar
776 1093 1006 1196 ouranos.

563 1303 589 1372 I.

164 1421 220 1478 Sor.
240 1424 272 1479 in
291 1422 416 1480 Cumano
434 1428 553 1482 exeunte
571 1443 665 1482 mense
683 1425 817 1499 Apsilia.
837 1445 863 1484 u.
883 1446 905 1485 c.
926 1433 985 1484 70⁶.

289 1565 329 1621 M.
348 1564 476 1622 CICERO
496 1567 523 1623 S.
543 1567 576 1623 D.
596 1567 672 1626 SER.
692 1567 863 1625 SULPIGIO.

167 1671 199 1740 Ο.
218 1673 402 1760 Trebatius,
423 1675 593 1742 familiaris
615 1699 715 1761 meus,
738 1677 779 1742 ad
796 1698 847 1742 me
871 1677 999 1763 scripsit
1020 1679 1053 1743 te
1074 1696 1088 1748 1

111 1779 143 1825 ex
163 1784 195 1828 se
218 1763 399 1849 quaesisse,
422 1765 537 1848 quibus
559 1765 595 1830 in
616 1765 696 1830 locis
719 1786 836 1851 essem,
857 1767 1055 1850 molesteque

109 1851 136 1913 te
155 1851 247 1938 ferre,
272 1851 359 1937 quod
381 1873 432 1918 me
450 1857 583 1938 propter
600 1854 816 1920 valetudinem
834 1857 934 1939 tuam,
957 1875 1056 1939 quum

111 1935 143 2002 ad
159 1941 273 2006 urbem
293 1942 507 2026 accessissem,
529 1963 597 2007 non
615 1942 758 2027 vidisses,
781 1945 813 2008 et
830 1942 893 2008 hoc
910 1945 1055 2027 tempore

110 2027 180 2094 velle
202 2031 236 2094 te
260 2050 401 2114 mecum,
430 2029 457 2094 si
479 2031 612 2116 propius
640 2031 858 2114 accessissem,
886 2031 924 2094 dc
948 2029 1055 2095 officio

109 2116 268 2202 utriusque
300 2121 450 2182 nostrum
481 2120 725 2184 communicare.
778 2117 926 2202 Utinam,
958 2115 1057 2201 Servi,

111 2205 197 2271 salvis
218 2206 320 2272 rebus
342 2241 387 2254 -
409 2207 455 2271 sic
478 2207 564 2272 enim
587 2211 637 2272 est
658 2206 828 2272 dicendum
850 2242 894 2253 -
917 2205 1057 2290 colloqui

109 2295 320 2375 potuissemus
348 2294 528 2361 internos!
559 2295 705 2379 proiecto
733 2294 853 2380 aliquid
881 2294 952 2379 opis
975 2293 1056 2359 occi-

110 2379 190 2448 denti
211 2383 261 2448 rei
284 2381 432 2468 publicae
454 2383 652 2449 tulissemus:
680 2404 854 2469 cognoram
883 2383 969 2448 enim
990 2383 1056 2448 iam

111 2468 218 2536 absens
246 2475 281 2536 le
308 2471 389 2535 haec
415 2473 501 2536 mala
526 2473 629 2538 mullo
657 2475 733 2536 ante
759 2471 981 2556 providentem
1004 2470 1056 2537 de·

110 2555 265 2625 iensoram
287 2559 378 2644 pacis
401 2563 434 2624 et
454 2559 489 2624 in
512 2561 681 2626 consulatu
702 2564 759 2626 tuo
783 2565 816 2626 at
841 2563 917 2645 post
942 2581 1056 2626 consu·

110 2643 205 2712 latum
236 2647 352 2730 fuisse,
384 2666 444 2733 ego
476 2651 597 2733 autem,
633 2669 732 2733 quum
763 2649 933 2714 consilium
963 2652 1056 2714 tuum

110 2735 275 2816 probarem
298 2739 332 2802 et
352 2734 439 2801 idem
459 2736 528 2821 ipse
551 2737 716 2821 sentirem,
738 2737 824 2802 nihil
841 2736 1056 2822 proficiebam,

112 2841 175 2888 sero
196 2825 286 2890 enim
308 2845 472 2910 veneram,
496 2826 584 2891 solus
606 2846 703 2909 eram,
724 2824 812 2890 rudis
835 2846 903 2890 esse
925 2826 1057 2891 videbar

111 2907 141 2973 in
160 2931 271 2996 causa,
293 2911 468 2978 incideram
490 2913 526 2980 in
547 2912 716 2979 hominum
737 2913 905 3000 pugnandi
928 2914 1056 3000 cupido·

111 3015 176 3062 rum
201 3001 357 3066 insanias.
399 3003 505 3086 Nunc,
533 3001 686 3086 quoniam
712 3001 794 3068 nihil
820 3002 886 3067 iam
912 3002 1057 3068 videmur

113 3085 258 3169 opitulari
280 3109 377 3173 posse
402 3089 449 3154 rei
475 3089 635 3175 publicae,
667 3090 695 3154 si
726 3090 802 3175 quid
835 3094 897 3174 est,
925 3091 961 3155 in
992 3110 1055 3171 quo

113 3173 268 3242 nobismet
293 3177 374 3262 ipsis
400 3179 568 3244 consulere
587 3178 761 3264 possimuS,
786 3200 855 3245 non
877 3181 914 3242 ut
936 3175 1056 3259 aliquid

114 3277 147 3326 ax
167 3265 304 3348 pristino
329 3268 416 3330 statu
438 3269 551 3334 nostro
578 3267 786 3352 retineamus,
814 3267 870 3332 sed
895 3268 932 3330 ut
959 3284 1055 3348 quam

112 3345 332 3420 honestissime
355 3353 536 3441 lugeamus,
557 3376 653 3420 nemo
676 3359 726 3422 est
748 3353 905 3438 omnium,
928 3352 1056 3446 quicum

116 3439 215 3522 potius
241 3441 321 3508 mihi
347 3463 444 3527 quam
470 3445 578 3508 tecum
604 3441 906 3511 communicandum
932 3443 1056 3526 putem3

116 3543 167 3592 usc
198 3530 284 3594 enim
316 3530 564 3599 clarissimorum
590 3532 745 3616 virorum,
773 3533 909 3614 quorum
937 3529 1056 3595 similes

116 3632 178 3680 esse
199 3616 363 3706 debemus,
390 3621 535 3707 exempla
555 3641 660 3706 neque
683 3617 953 3701 doctissimorum,
976 3639 1056 3701 quos
