2676 3984
266 203 330 268 318
548 200 586 254 Μ.
605 199 729 256 TULLII
748 197 939 254 CICERONIS

265 347 374 434 potius
400 344 575 430 periclitari
596 345 702 428 solui,
729 343 757 408 si
783 365 913 428 possem
938 364 1011 408 mea
1039 345 1230 428 praesentia

266 439 300 503 et
330 434 487 520 Lepidum
518 433 602 499 tueri
638 436 672 497 et
702 432 876 498 exercitum
911 431 1016 496 fecere
1048 433 1229 517 meliorem,

266 548 363 611 quam
385 522 481 590 nimis
504 525 618 590 cautus
641 521 754 607 videri,
778 520 997 594 sollicitiorem
1015 525 1100 586 certe
1121 521 1230 587 homi-

266 637 354 699 nem,
386 635 454 680 non
485 613 551 678 suis
583 612 773 696 contractis,
804 611 967 679 neminem
998 613 1078 695 puto
1111 609 1230 693 fuisse,

265 725 355 787 nam,
392 723 473 787 quae
505 723 556 766 res
587 702 712 766 nullam
742 699 884 768 habebat
915 698 1165 782 dubitationem,
1200 701 1229 766 si
1314 745 1315 782 3

266 792 423 858 exercitus
450 788 563 875 Lepidi
595 789 734 873 abesset,
766 810 805 854 ca
831 808 918 854 nunc
940 809 1102 874 ,magnam
1131 789 1231 863 affert

233 887 238 896 '
266 879 515 946 sollicitudinem
533 898 750 963 magnumque
768 877 869 942 habet
888 898 1011 959 cesum3
1033 876 1114 941 mihi
1138 878 1229 942 enim

266 969 294 1033 si
321 967 524 1053 contigisset,
551 970 589 1031 ut
613 967 701 1052 prior
733 986 932 1031 occurrerem
964 964 1124 1051 Antonio,
1156 988 1228 1030 non

265 1057 463 1122 mehercules
485 1056 599 1121 horam
621 1055 832 1124 constitisset:
855 1056 984 1118 tantum
1003 1074 1064 1138 ego
1088 1057 1121 1118 et
1144 1054 1229 1118 mihi

266 1146 393 1211 confido
425 1148 458 1210 et
489 1145 535 1209 sic
566 1143 730 1229 perculsas
760 1142 847 1207 illius
875 1142 985 1225 copias
1014 1140 1230 1226 Ventidiique

264 1234 418 1300 mulionis
440 1236 547 1298 castre
569 1231 726 1316 despicio,
753 1231 809 1296 sed
831 1251 899 1295 non
921 1251 1054 1314 possum
1080 1252 1149 1296 non
1172 1253 1230 1295 ex·

265 1323 459 1405 horrescere,
477 1321 595 1405 siquid
608 1321 696 1386 intra
714 1323 820 1384 cutem
839 1319 951 1384 subest
967 1319 1118 1403 vulneris,
1136 1320 1227 1402 quod

265 1412 355 1494 prius
382 1430 497 1482 nocere
529 1411 650 1494 potest,
682 1430 779 1492 quom
808 1407 882 1472 sciri
914 1406 1081 1492 curarique
1111 1408 1227 1492 possit

266 1495 329 1564 Sed
352 1501 446 1580 certe,
461 1497 533 1566 ‘nisi
554 1518 619 1562 uno
642 1497 714 1562 loco
738 1518 790 1565 me
811 1500 968 1581 tenerem,
982 1516 1146 1581 magnum
1169 1519 1225 1580 pe-

265 1587 402 1658 ricnlum
429 1587 498 1671 ipse
525 1584 680 1670 Lepidus,
711 1606 866 1670 magnum
885 1605 936 1653 ,ee
963 1585 1229 1668 parsexercitus

266 1676 382 1760 adiret,
413 1696 495 1760 quae
526 1675 608 1740 bene
636 1673 675 1740 de
693 1695 737 1749 ,re
764 1673 893 1758 publice
923 1673 1038 1757 sentit3
1068 1693 1225 1759 magnam

266 1765 365 1830 etiem
394 1763 511 1850 perditi
537 1764 648 1832 hostes
676 1762 891 1831 accessionem
914 1761 975 1836 sibi
989 1761 1164 1846 ¹iecissent,
1196 1764 1227 1828 si

266 1876 346 1940 quas
369 1855 478 1939 copias
502 1876 521 1919 a
543 1852 666 1938 Lepido
690 1852 934 1930 abstraxissent:
958 1872 1039 1937 quae
1060 1850 1087 1916 si
1106 1851 1225 1920 eduen-

264 1948 319 2009 tas
345 1965 436 2010 meus
462 1941 664 2028 represserit,
695 1962 791 2028 egem
805 1940 939 2026 gratias
956 1940 1118 2020 ,fortunae
1148 1961 1226 2006 con·

266 2034 468 2119 stantiaeque
494 2051 599 2116 meae,
628 2051 712 2116 quae
739 2030 781 2095 cd
806 2029 892 2094 hunc
919 2029 1149 2114 experientiam
1176 2049 1228 2094 cce

230 2121 424 2188 4excitavit.
472 2120 587 2206 Itaque
615 2142 644 2184 a.
664 2119 696 2184 d.
718 2133 782 2180 ΧΠ.
809 2116 944 2184 Kalend.
973 2116 1044 2182 Iun.
1062 2116 1108 2181 ab
1131 2115 1225 2194 Isara

265 2215 372 2277 castra
389 2210 488 2293 movi,
510 2213 652 2294 pontem·
663 2211 783 2290 tamen,
800 2227 896 2291 quem
912 2206 949 2275 in
966 2205 1225 2290 Iseraiecerasn,

266 2300 405 2366 castellis
429 2298 555 2365 duobus
578 2298 619 2362 ed
641 2297 749 2381 capite
765 2295 890 2379 positis
912 2294 1026 2379 reliqui
1048 2295 1223 2378 praesidis-

266 2409 327 2473 que
349 2387 395 2452 ibi
416 2387 511 2454 firma
531 2385 635 2470 posui,
656 2387 694 2448 ut
715 2383 859 2448 venienti
880 2381 983 2448 Bruto
1007 2383 1223 2468 exercituique

265 2476 334 2541 cius
360 2475 430 2540 sinc
450 2496 553 2542 ¹more
582 2472 740 2536 transitus
766 2475 852 2537 esset
877 2475 1020 2557 paratus.
1070 2470 1159 2558 Ipse,
1185 2477 1224 2539 at

266 2583 369 2647 spero,
391 2562 504 2628 diebus
527 2564 610 2646 octo,
633 2561 749 2644 quibus
772 2559 832 2626 has
853 2559 980 2629 litteras
999 2559 1126 2646 dabam,
1148 2582 1225 2638 eum

265 2651 381 2736 Lepidi
404 2651 504 2736 copiis
526 2671 578 2716 me
601 2648 806 2734 coniungam.

698 2825 788 2890 XIX.

376 2938 432 2995 Ser.
452 2940 559 2996 Romae
576 2940 695 2996 meante
713 2953 809 2994 mense
826 2936 902 2992 Maio
922 2953 946 2992 e.
965 2954 992 2992 u.
1011 2942 1111 2992 ΜΠ.

593 3061 724 3118 CICERO
742 3060 895 3117 PLANCO.

231 3177 246 3226 1
332 3163 534 3249 Quamquam
560 3163 738 3249 gratiarum
762 3162 922 3226 actionem
949 3163 1023 3226 ete
1046 3181 1114 3225 non
1141 3159 1223 3225 desi·

265 3254 426 3338 derabam,
448 3274 548 3339 quum
569 3255 602 3316 te
625 3273 659 3315 re
682 3251 754 3334 ipse
776 3254 872 3334 atque
891 3251 999 3315 enimc
1019 3248 1134 3314 scirem
1153 3269 1222 3314 esse

334 3409 488 3479 Ep.18,3.
524 3409 551 3463 si
562 3422 670 3476 possem
683 3405 788 3476 (Crat).
825 3406 852 3460 si
864 3409 956 3474 posset
968 3403 1033 3459 ΜΒ.
1054 3433 1087 3445 -
1106 3404 1224 3460 babebat

327 3481 428 3535 obesset
450 3480 488 3548 (q.
507 3496 532 3534 v.
553 3479 595 3532 cd.
614 3476 754 3546 Lambini,
774 3475 857 3546 Sch.).
897 3475 1014 3530 babebat
1093 3476 1166 3532 absit
1184 3475 1223 3529 M.

263 3549 361 3636 lrabeat
441 3551 513 3604 ubcit
530 3549 605 3616 Ern,
623 3548 655 3602 B.
783 3573 785 3580 ·
