2658 3986
357 171 617 230 EP1STOLARUM
635 172 693 228 Vll.
713 179 826 228 11-13.
1005 171 1070 240 207

547 439 638 506 XIII.

265 551 322 609 Sor.
342 553 447 608 Romae
466 552 512 608 IV.
532 553 605 608 Non.
625 554 706 608 Mart.
726 569 752 609 a.
770 571 797 608 n.
816 570 840 610 o.
860 557 920 610 701.

333 679 395 750 [m]
415 677 544 734 crosno
564 677 591 734 s.
609 678 643 733 o.
663 678 854 736 unanimo.

178 777 314 844 Adeone
346 799 398 844 me
429 778 585 844 iniustum
618 800 686 845 esse
719 779 921 865 existimasti,
947 781 985 845 ut
1011 779 1106 848 tibil

109 869 280 952 irascerer,
313 867 399 952 quod
430 889 545 952 parum
576 867 656 932 mihi
688 873 841 934 constans
872 871 905 934 et
935 869 1072 935 nimium

113 955 250 1043 cupidus
274 955 449 1022 decedendi
471 956 623 1041 viderere,
647 957 688 1022 ob
712 978 845 1042 eamque
868 979 998 1024 causam
1020 979 1073 1023 me

112 1045 306 1110 arbitrarere
328 1047 453 1110 litteras
476 1044 517 1109 ad
539 1048 572 1110 te
595 1044 716 1110 iamdiu
738 1067 806 1112 non
823 1045 970 1110 misisse?
993 1046 1074 1111 mihi

111 1134 316 1220 perturbatio
339 1134 439 1199 animi
461 1134 523 1218 tui,
550 1155 648 1218 quam
674 1134 785 1219 primis
812 1134 929 1199 litteris
950 1135 1073 1219 perspi·

113 1222 248 1308 aiebam,
266 1223 448 1289 molestiam
466 1223 589 1306 attulit3
611 1242 715 1307 neque
733 1223 798 1288 alia
814 1223 882 1288 ulla
898 1223 962 1289 fuit
976 1244 1074 1289 causa

113 1312 364 1379 intermissionis
398 1311 620 1397 epistolarum,
651 1311 715 1378 nisi
751 1312 850 1398 quod,
886 1313 941 1378 ubi
979 1333 1074 1398 esses,

113 1402 211 1485 plane
234 1402 426 1466 nesciebam.
470 1399 534 1465 Hic
560 1403 597 1465 tu
620 1421 671 1465 me
694 1401 791 1466 etiam
818 1402 986 1467 insimulas
1013 1422 1073 1466 nee

115 1489 371 1556 satisfactionem
385 1510 491 1554 meam
505 1488 645 1574 accipis?
671 1487 767 1575 Audi,
782 1490 879 1556 Testa
892 1491 1074 1556 mittrum
964 1494 1074 1556 utrum

116 1577 336 1663 superbiorem
358 1582 391 1643 te
413 1578 551 1663 pecunia
572 1577 653 1642 facit
674 1600 717 1643 an
735 1579 822 1664 quod
843 1582 876 1645 te
898 1581 1075 1664 imperator

80 1717 87 1732 .
116 1667 279 1733 consulit?
306 1668 439 1752 moriar,
462 1667 511 1750 ni,
539 1688 620 1751 quae
643 1669 701 1733 tua
724 1668 827 1754 gloria
850 1671 911 1753 est,
938 1671 1018 1754 puto
1041 1672 1074 1733 te

116 1757 213 1821 maile
241 1778 262 1820 a
288 1754 424 1822 Caesare
456 1756 581 1822 consuli
608 1777 705 1840 quam
736 1756 887 1823 inaurari.
937 1754 972 1821 si
998 1778 1074 1822 vero

117 1848 377 1931 utrumque,
313 1849 363 1910 est
422 1845 471 1910 uis
494 1844 633 1910 teseret
654 1847 782 1930 praeter
804 1867 865 1931 me,
887 1846 943 1948 qui
967 1845 1076 1911 omnia

116 1934 201 2000 ferre
220 1934 374 2019 possum?
369 1847 527 2019 wod,
505 1935 544 1998 ut
562 1933 603 1997 ad
624 1955 693 1998 rem
715 1933 854 2019 redeam,
875 1934 941 1999 te
931 1937 975 1998 ist
975 1934 1005 1998 ic
1027 1935 1110 1998 ina

116 2023 222 2087 vitum
239 2044 308 2088 non
326 2044 395 2088 esse
412 2023 620 2089 vehementer
638 2021 762 2108 gaudeo
786 2025 828 2106 et,
849 2025 888 2086 ut
904 2022 985 2087 illud
1008 2024 1077 2086 erat

117 2112 305 2196 molestum,
337 2112 382 2177 sio
409 2112 472 2177 hoe
503 2114 553 2175 est
579 2110 767 2176 iucundum:
798 2113 927 2178 tantum
958 2113 1077 2195 metuo,
1109 2181 1115 2194 ⁸

117 2221 159 2265 ne
193 2199 364 2266 artificium
395 2203 488 2266 tuum
523 2199 584 2265 tibi
615 2221 731 2284 parum
766 2199 883 2284 prosit;
917 2220 1010 2284 nam,
1040 2202 1078 2263 ut

118 2289 226 2374 audio,
248 2289 321 2354 istic

164 2442 234 2486 non
255 2442 295 2485 ex
315 2421 385 2484 iure
407 2442 540 2486 manum
562 2422 759 2506 consertum,
786 2421 842 2486 sed
864 2422 968 2507 magis
990 2421 1077 2487 ferro

165 2531 234 2574 rem
255 2511 416 2598 repetunt,

120 2646 154 2707 et
176 2645 214 2706 tu
238 2643 322 2708 soles
350 2641 390 2706 ad
413 2643 479 2706 vim
501 2641 686 2707 faciundam
709 2642 867 2728 adhiberi,
894 2663 999 2726 neque
1022 2645 1080 2728 est,

121 2730 209 2816 quod
236 2731 327 2795 illam
353 2731 573 2815 exceptionem
599 2731 634 2795 in
660 2731 832 2796 interdicto
859 2731 1079 2817 pertimescam

121 2833 193 2894 ouo
216 2833 261 2879 rv
283 2832 390 2882 Paroa
416 2833 461 2880 vrv
480 2833 676 2882 nonnosus
698 2832 850 2882 narrans
877 2833 951 2882 ron
972 2833 1078 2880 vuren-

122 2921 197 2989 als3
220 2905 286 2970 scio
310 2906 396 2971 enim
413 2908 446 2969 te
464 2926 533 2972 non
551 2927 621 2972 esse
638 2927 807 2991 procacem
828 2907 864 2972 in
883 2906 1079 2972 lacessendo.

123 2992 196 3078 Sed,
217 2997 255 3058 ut
278 3013 338 3079 ego
358 3016 484 3079 quoque
502 2998 534 3061 te
554 2994 675 3079 aliquid
693 2994 884 3060 admoneam
907 2994 946 3060 de
964 2995 1079 3060 vestris

122 3082 343 3168 cautionibus,
370 3083 519 3149 Treviros
533 3084 629 3155 ,vites
652 3105 779 3150 censeo:
807 3083 902 3149 audio
926 3082 1080 3168 capitales

194 3311 247 3382 Ep.
268 3318 349 3380 13,1.
386 3311 509 3382 accipre?
542 3312 621 3367 Aodi
639 3312 714 3381 (W.)
751 3311 862 3380 accipis.
889 3308 969 3366 Audi
985 3309 1080 3380 vulgo.

122 3389 147 3436 2.
175 3388 316 3453 repetant,
339 3388 365 3437 et
389 3388 463 3437 tu..
475 3384 637 3448 ‚celtibera
659 3398 744 3452 neque
772 3382 847 3464 (W.)
895 3384 1042 3450 repetant.
1056 3385 1082 3434 rt

121 3525 160 3579 M
121 3452 322 3595 m'vulssdh'?
350 3454 539 3524 ceqcclt-
567 3453 645 3524 QVO
670 3453 727 3508 TV
743 3451 861 3521 (Beier).
900 3450 1009 3522 QVOD
1028 3449 1084 3506 TV
