2610 3980
239 207 300 274 128
518 186 555 264 n
575 209 698 266 ronan
716 210 906 268 mensoris

236 353 468 421 coniurationis
492 355 642 439 oderunt,
665 357 784 440 partim
811 358 886 418 mibi
913 377 981 422 non
1004 357 1195 422 creduntet

161 453 167 463 ‘
236 465 257 508 a
270 464 320 508 me
334 443 468 508 insidias
487 447 637 509 metuunt
654 464 714 508 nec
731 445 895 528 putant
868 466 896 508 er
915 467 1065 510 nummos
1084 361 1195 511 deesse

235 553 340 616 posse,
363 532 419 634 qui
441 553 481 598 ex
503 533 670 599 obsidione
695 532 894 598 feneratores
918 534 1079 598 exemerit.
1120 532 1194 599 Om-

236 621 315 686 nino
339 621 524 686 semissibus
547 641 667 706 magna
690 622 783 707 copia
806 624 867 686 est·
859 643 956 708 ,ego
984 625 1093 687 autem
1114 624 1194 688 meis

236 710 332 774 rebus
356 710 455 794 gestis
483 709 546 774 hcc
570 731 641 774 sum
664 712 843 796 assecutus,
871 713 909 774 ιιι
931 711 1053 776 bonum
1074 732 1195 776 nomen

201 798 408 862 texistimer.
452 797 594 863 Domum
616 801 708 869 tuam
730 803 826 882 atque
850 798 1105 864 aedificationem
1128 822 1195 865 om

235 907 312 950 nem
338 887 487 970 perspexi
519 891 553 952 et
579 887 786 952 vehementer
811 888 955 972 probavi.
1005 887 1195 974 Antonium,
1298 911 1299 950 3

236 975 298 1039 etsi
320 975 388 1040 eius
410 975 446 1040 in
468 997 520 1040 me
543 975 650 1040 officia
673 997 785 1042 omnes
808 975 1005 1060 desiderant,
1027 979 1137 1042 tamen
1159 977 1196 1041 in
1298 1039 1299 1048 ι

236 1066 352 1128 senatu
383 1064 572 1149 gravissime
605 1085 642 1129 ac
674 1063 918 1150 diligentissime
945 1064 1075 1130 defendi
1102 1086 1195 1130 sena·
1298 1119 1299 1126 ,

235 1154 369 1237 tumque
392 1152 599 1219 vehementer
621 1153 767 1219 oratione
790 1174 862 1217 mea
885 1156 981 1236 atque
1002 1154 1195 1220 auctoritate

236 1241 404 1310 commovi.
440 1240 491 1308 Τιι
514 1241 628 1308 adme
651 1241 747 1306 velim
769 1241 893 1306 litteras
913 1241 1054 1308 crebrius
1074 1243 1195 1308 mittas.

677 1449 751 1517 VII.

520 1560 577 1618 θοι.
596 1563 702 1619 Romae
721 1581 746 1619 a.
765 1583 792 1620 ιι.
811 1581 835 1622 a
854 1569 914 1620 692.

235 1686 273 1743 Μ.
293 1685 448 1742 TULLIUS
471 1686 508 1742 Μ.
528 1686 559 1742 P.
578 1685 706 1743 CICERO
725 1687 753 1742 S.
772 1687 806 1743 D.
825 1687 881 1744 ΟΝ.
907 1687 1066 1744 POMPEIO
1085 1687 1141 1744 ΟΝ.
1162 1689 1195 1745 F.

520 1756 651 1814 MAGNO
669 1757 902 1814 IMPERATORI.
977 1777 981 1782 ·

203 1870 217 1918 1
277 1855 722 1934 sunonem
776 1855 827 1922 nx
857 1859 973 1924 bearn
1003 1859 1081 1942 cuis,
1113 1881 1197 1942 quas
1298 1819 1299 1856 ³

237 1947 364 2031 publice
386 1947 512 2030 misisti,
535 1946 605 2031 cepi
627 1967 693 2010 una
711 1967 784 2010 cum
805 1948 955 2012 omnibus
972 1947 1198 2013 incredibilem

237 2036 450 2120 voluptatem
472 2037 598 2100 tantam
612 2034 699 2098 enim
713 2055 803 2118 spem
817 2036 875 2099 otii
895 2036 1073 2121 ostendisti,
1093 2057 1197 2120 quan·
1298 2069 1299 2094 ;

237 2127 306 2188 tam
328 2144 389 2209 ego
413 2145 538 2207 semper
561 2123 709 2188 omnibus
731 2126 764 2187 te
787 2145 853 2189 unc
875 2125 978 2189 fretus
1004 2125 1198 2227 pollicebar3
1298 2131 1299 2206 ᾗ

238 2213 294 2276 sed
321 2212 384 2276 hoc
411 2213 506 2296 scite,
537 2214 611 2276 tuos
638 2215 761 2276 veteres
788 2212 912 2298 hostes,
943 2233 1045 2279 novos
1073 2214 1198 2280 amicos
1298 2253 1299 2258 ι

237 2300 445 2364 vehementer
469 2263 587 2364 liiteris
612 2301 777 2384 perculsos
805 2305 902 2384 atque
929 2322 969 2365 ex
994 2323 1114 2387 magna
1137 2325 1199 2404 spe
1298 2339 1299 2384 3

203 2387 458 2456 adetnrbatos
448 2408 561 2452 iacere.
606 2386 658 2451 Ad
680 2409 731 2451 me
755 2391 863 2453 autem
885 2390 1010 2455 litteras
1032 2412 1184 2475 quasmr
1298 2397 1299 2404 ’

239 2475 319 2560 sisti,
342 2496 536 2560 quamquam
559 2475 707 2560 exiguam
726 2476 994 2562 significationem
1017 2483 1093 2544 tuae
1116 2501 1200 2566 erga
1298 2489 1299 2548 l

198 2619 202 2624 .
239 2585 290 2628 me
312 2563 490 2628 voluntatis
507 2563 681 2648 habebant,
702 2568 813 2628 tamen
834 2567 915 2630 milri
938 2567 1019 2633 scito
1036 2569 1199 2634 iucundas
1298 2567 1299 2624 l

239 2651 351 2736 fuisse3
374 2653 465 2717 nulla
487 2653 573 2718 enim
595 2673 630 2716 re
652 2655 721 2716 tam
743 2654 857 2718 laetari
880 2655 967 2722 soleo
988 2677 1086 2741 quam
1108 2679 1200 2723 mec·
1298 2641 1299 2708 Ῐ

238 2763 311 2805 rum
334 2740 514 2806 officiorum
541 2741 751 2825 conscientia,
780 2743 945 2825 quibus
919 2765 947 2808 ει
969 2744 1098 2828 quando
1125 2767 1202 2812 non
1298 2751 1299 2826 ζ

239 2831 351 2894 mutue
377 2829 602 2915 respondetur,
634 2829 720 2914 apud
746 2851 797 2893 me
824 2832 897 2914 plns
929 2831 1029 2897 officii
1055 2833 1201 2910 residere
1298 2831 1299 2917 ζ

239 2917 391 2982 facillime
413 2919 533 3003 patior.
560 2917 640 2983 illud
662 2939 730 2983 non
753 2917 879 3004 dubito,
901 2921 993 3005 quin,
1017 2922 1045 2986 si
1066 2925 1100 2986 te
1121 2943 1202 2988 mea
1298 2963 1299 3006 3

240 3028 365 3072 summa
387 3027 465 3092 erga
486 3010 519 3072 te
542 3007 649 3072 studia
665 3027 781 3091 parum
797 3008 878 3071 milri
897 3009 1120 3095 adiunxerunt,
1143 3033 1201 3078 res
1298 3087 1299 3092 ἵ

238 3096 455 3180 publicanos
484 3096 655 3161 internos
684 3095 894 3161 conciliatura
920 3099 1201 3185 coniuncturaque
1298 3099 1299 3158 j

205 3185 291 3252 usit.
336 3184 394 3268 Ac,
415 3204 458 3249 ne
479 3185 623 3268 ignores,
645 3184 722 3267 quid
745 3205 805 3269 ego
828 3185 863 3249 in
884 3186 950 3250 tuis
973 3187 1089 3252 litteris
1112 3188 1201 3256 desi·
1298 3181 1299 3242 ἕ

240 3273 390 3357 ιιθιιιιιιιι,
418 3273 555 3337 scribam
582 3276 704 3356 aperte,
736 3273 820 3338 sicut
850 3277 884 3338 et
914 3296 987 3340 mea
1012 3280 1131 3342 notura
1163 3283 1219 3377 et·
1298 3341 1299 3348 ,

274 3479 445 3550 Oſtrea
478 3434 969 3564 partemmrbtuoccrcdwctffl..)
1002 3487 1198 3558 ownerll

240 3499 353 3620 vulgo.p
369 3551 421 3622 Ep
433 3558 491 3620 7,.2
511 3552 814 3624 adiunxerantfflrat).
851 3555 1078 3612 cdimeumnlld.
1081 3559 1197 3632 ‚.rulgo
