2644 3988
239 233 305 298 364
520 233 557 289 ll
577 231 700 288 TULLII
718 229 909 287 CICERONIS

677 464 750 531 XX.
885 511 887 516 .

359 576 415 634 Sor.
435 577 590 650 Eporediae
607 579 695 636 VIIII.
714 579 776 634 Kal.
794 577 854 633 Iun
874 591 899 631 a.
918 593 945 630 u.
965 592 988 631 o.
1008 579 1068 630 711.

441 703 475 758 Ι).
493 703 637 760 BRUTUS
656 705 683 762 S.
701 705 734 760 D.
753 704 790 760 Μ.
810 701 989 760 moenum.

205 816 218 866 1
305 801 398 880 Quod
420 825 480 889 pro
502 826 554 872 me
576 827 644 870 non
666 805 761 890 faoio,
781 804 815 870 id
837 825 897 890 pro
919 807 952 868 te
974 802 1081 868 faeere
1104 821 1199 868 amor

238 913 329 957 meus
351 892 387 958 in
409 895 441 957 te
459 896 578 978 tuaque
597 893 704 960 officia
722 897 853 980 cogunt,
873 895 912 958 ut
930 892 1076 974 timeam3
1099 913 1198 975 saepe

239 980 326 1046 enim
356 981 437 1046 mihi
468 1004 568 1066 quum
599 986 685 1048 esset
712 982 834 1048 dicum
860 1001 963 1066 neque
992 1003 1012 1046 a
1038 1001 1090 1046 me
1120 1001 1198 1044 oon·

238 1072 407 1154 temptum,
426 1070 599 1136 novissimo
613 1070 721 1137 Labeo
737 1068 895 1156 Segulius,
914 1069 1013 1136 homo
1031 1069 1082 1134 sui
1096 1068 1198 1134 simil·

238 1158 349 1243 limus,
379 1162 491 1224 namet
521 1160 602 1226 mihi
629 1159 714 1245 apud
737 1157 907 1225 Gaesarem
934 1179 968 1223 se
990 1157 1090 1223 luisse
1112 1157 1197 1222 mul·

238 1249 371 1330 tumque
394 1269 574 1313 sermonem
597 1248 636 1313 de
659 1252 691 1313 te
713 1247 861 1314 habitum
884 1268 967 1329 esse;
987 1247 1095 1332 ipsum
1118 1243 1198 1310 an-

240 1356 345 1400 sarem
367 1335 449 1400 nihil
471 1358 549 1402 sane
572 1336 610 1401 de
633 1340 665 1402 te
688 1339 851 1420 questum,
872 1335 936 1402 nisi
963 1335 1085 1400 dietum
1108 1334 1198 1418 quod

240 1422 360 1488 diceret
380 1426 414 1487 te
437 1424 564 1508 dixisse,
584 1425 783 1489 laudandum
805 1423 1055 1507 adolescentem,
1077 1433 1198 1490 onien-

241 1510 326 1594 dum,
347 1511 540 1596 tollendum,
562 1533 596 1577 se
618 1533 686 1578 non
705 1533 773 1578 esse
792 1513 1046 1594 commissurum,
1067 1515 1105 1576 ut
1122 1512 1198 1576 tolli
1259 1507 1270 1519 ⁸
1314 1585 1317 1596 Ι

239 1601 358 1683 posset.
393 1598 465 1664 Hoo
488 1620 548 1684 ego
567 1598 752 1666 Labeonem
770 1600 865 1666 oredo
887 1601 935 1665 illi
953 1600 1115 1665 rettulisse
1138 1603 1199 1664 aut

239 1687 371 1752 finxisse
393 1687 527 1772 dietum,
553 1710 622 1754 non
648 1689 689 1753 ab
713 1689 914 1754 adolescente
937 1688 1114 1772 prolatum3
1142 1709 1198 1751 ve·
1317 1749 1318 1754 ,

239 1779 370 1840 teranos
397 1797 473 1841 vero
496 1777 633 1862 pessime
656 1778 745 1862 loqui
766 1778 897 1842 volebat
918 1775 1028 1841 Labeo
1055 1797 1106 1840 me
1129 1796 1197 1840 ere-

240 1864 314 1928 dere
342 1867 375 1928 et
404 1865 465 1929 tibi
493 1865 533 1928 ab
562 1866 601 1930 iis
628 1865 750 1930 instare
777 1865 967 1950 perieulum,
994 1864 1198 1948 maximeque

239 1952 416 2038 indignari,
439 1955 525 2038 quod
551 1954 586 2020 in
609 1953 795 2020 decemviris
822 1974 926 2038 neque
950 1950 1069 2018 Caesar
1090 1973 1198 2036 neque

116 2068 124 2078 ·
240 2061 302 2126 ego
324 2041 428 2108 habiti
455 2063 596 2108 essemus
625 2046 721 2126 atque
748 2042 858 2108 omnia
884 2042 925 2105 ad
947 2044 1090 2106 vestrum
1112 2039 1197 2104 arbi-

205 2139 221 2188 2
240 2130 340 2194 trium
362 2134 471 2197 essent
492 2131 618 2196 collata.
657 2130 748 2195 Haeo
770 2151 870 2215 quum
892 2129 1053 2196 audissem
1075 2131 1108 2194 et
1129 2129 1197 2192 iam

239 2218 276 2284 in
296 2218 412 2284 itinere
434 2240 547 2303 essem,
568 2218 833 2286 committendum
859 2239 928 2284 non
954 2217 1080 2302 putavi,
1105 2218 1197 2301 prius

239 2310 278 2370 ut
299 2305 399 2392 Alpes
421 2306 675 2392 nansgrederer,
702 2328 813 2391 quam,
839 2306 916 2390 quid
942 2305 1015 2371 istie
1038 2308 1199 2390 ageretur,

241 2395 369 2478 seirem3
391 2417 468 2460 nam
491 2396 530 2460 de
551 2398 609 2460 tuo
630 2395 782 2479 periculo,
804 2395 896 2460 erede
919 2394 999 2458 mihi
1020 2394 1197 2460 iactatione

240 2483 412 2549 verborum
435 2486 469 2546 et
494 2481 739 2550 denuntiatione
764 2483 899 2567 periculi
926 2503 1053 2567 sperare
1080 2503 1135 2548 eos
1162 2486 1198 2547 te
1315 2501 1316 2576 ,

240 2570 474 2656 pertimefaoto,
494 2571 696 2637 adolesoente
713 2571 853 2656 impulso
870 2592 965 2655 posse
983 2591 1102 2656 magna
1121 2592 1200 2636 oon·

242 2659 333 2743 sequi
359 2659 515 2744 praemia,
542 2663 704 2726 ettotam
730 2659 828 2725 istem
850 2659 1045 2726 cantilenam
1072 2681 1111 2724 ex
1132 2658 1198 2726 hoo

241 2746 395 2832 pendere,
419 2751 458 2812 ut
479 2769 577 2832 quam
598 2749 773 2833 plurimum
799 2749 881 2812 lueri
906 2747 1037 2814 faciant.
1081 2746 1198 2831 Neque

240 2839 351 2902 tamen
373 2856 442 2900 non
467 2839 500 2900 te
523 2840 654 2902 cautum
683 2858 752 2903 esse
775 2837 848 2903 volo
877 2839 909 2900 et
934 2835 1069 2902 insidias
1091 2837 1200 2901 vitan·

240 2927 321 3006 tem3
351 2923 434 2988 nihil
461 2925 547 2991 enim
573 2928 632 2990 tua
657 2925 738 2990 mihi
765 2925 834 2990 vita
858 2927 968 3009 potest
993 2945 1062 2990 esse
1085 2925 1198 2990 iuoun·
1314 2965 1315 2996 o

205 3011 314 3076 odius
345 3033 451 3096 neque
481 3014 599 3080 carius:
630 3014 710 3078 illud
736 3013 822 3096 vide,
853 3034 894 3076 ne
920 3012 1065 3078 timendo
1091 3013 1197 3098 magis
1314 3041 1315 3071 r

240 3101 354 3166 timere
377 3121 494 3186 cogare
516 3106 558 3185 et,
580 3102 696 3186 quibus
718 3101 814 3166 rebus
837 3104 945 3184 potest
967 3101 1091 3166 ooourri
1111 3105 1198 3166 vete·

240 3189 339 3273 renis,
361 3209 521 3254 occurras:
544 3190 693 3274 primum,
711 3189 797 3274 quod
816 3189 999 3260 desiderant
1016 3188 1056 3253 de
1073 3189 1197 3254 decem·

311 3361 461 3432 Ep.20‚2.
489 3362 736 3431 uernularum).
772 3363 894 3417 nondum
908 3379 938 3432 p.
957 3361 1022 3416 ΜΒ.
1060 3369 1084 3416 3.
1104 3378 1195 3418 ocem.
1313 3341 1314 3400 l

241 3447 305 3486 ros.-
322 3448 369 3498 pr.
449 3432 554 3498 saetam
576 3433 603 3487 d.
623 3474 646 3487 ..
666 3434 759 3498 nebim
781 3434 815 3488 de
832 3434 959 3498 nummis,
984 3433 1001 3486 l.
1021 3435 1197 3502 ..poemiae

240 3518 297 3626 ἔῃ
315 3501 410 3642 (VIRO.
435 3515 503 3568 oca,
521 3519 567 3571 pr.
587 3541 612 3556 ..
629 3503 666 3569 fi,
689 3505 716 3558 d.
735 3544 741 3557 .
757 3543 764 3557 .
782 3520 826 3569 n.;
848 3503 881 3557 de
903 3505 1021 3557 nummis
1042 3505 1060 3557 l.
1079 3543 1108 3558 ..
1123 3520 1196 3573 peu:
