<?xml version="1.0" encoding="UTF-8"?>
<!DOCTYPE html PUBLIC "-//W3C//DTD XHTML 1.0 Transitional//EN"
    "http://www.w3.org/TR/xhtml1/DTD/xhtml1-transitional.dtd">
<html xmlns="http://www.w3.org/1999/xhtml" xml:lang="en" lang="en">
 <head>
  <title>
</title>
<meta http-equiv="Content-Type" content="text/html;charset=utf-8" />
  <meta name='ocr-system' content='tesseract 3.04.00' />
  <meta name='ocr-capabilities' content='ocr_page ocr_carea ocr_par ocr_line ocrx_word'/>
</head>
<body>
  <div class='ocr_page' id='page_1' title='image "./epistolae00wesegoog_0116.png"; bbox 0 0 2610 3980; ppageno 0'>
   <div class='ocr_carea' id='block_1_1' title="bbox 246 215 915 283">
    <p class='ocr_par' dir='ltr' id='par_1_1' title="bbox 246 215 915 283">
     <span class='ocr_line' id='line_1_1' title="bbox 246 215 915 283; baseline -0.018 0"><span class='ocrx_word' id='word_1_1' title='bbox 246 219 309 283; x_wconf 88' lang='grc'>104</span> <span class='ocrx_word' id='word_1_2' title='bbox 526 217 564 272; x_wconf 87' lang='grc' dir='ltr'>Μ.</span> <span class='ocrx_word' id='word_1_3' title='bbox 583 216 707 272; x_wconf 84' lang='lat' dir='ltr'>TULLII</span> <span class='ocrx_word' id='word_1_4' title='bbox 725 215 915 273; x_wconf 79' lang='lat' dir='ltr'>CICERONIS</span> 
     </span>
    </p>
   </div>
   <div class='ocr_carea' id='block_1_2' title="bbox 244 359 1203 428">
    <p class='ocr_par' dir='ltr' id='par_1_2' title="bbox 244 359 1203 428">
     <span class='ocr_line' id='line_1_2' title="bbox 244 359 1203 428; baseline -0.001 0"><span class='ocrx_word' id='word_1_5' title='bbox 244 366 294 428; x_wconf 83' lang='lat' dir='ltr'>eet</span> <span class='ocrx_word' id='word_1_6' title='bbox 315 364 421 428; x_wconf 87' lang='lat' dir='ltr'>totum</span> <span class='ocrx_word' id='word_1_7' title='bbox 444 361 485 427; x_wconf 86' lang='lat' dir='ltr'>ed</span> <span class='ocrx_word' id='word_1_8' title='bbox 508 362 604 427; x_wconf 87' lang='lat' dir='ltr'>unius</span> <span class='ocrx_word' id='word_1_9' title='bbox 622 363 823 427; x_wconf 76' lang='lat' dir='ltr'>voluntatem</span> <span class='ocrx_word' id='word_1_10' title='bbox 841 359 1148 428; x_wconf 78' lang='lat' dir='ltr'>accommodandum</span> <span class='ocrx_word' id='word_1_11' title='bbox 1167 365 1203 428; x_wconf 82' lang='lat' dir='ltr'>eb</span> 
     </span>
    </p>
   </div>
   <div class='ocr_carea' id='block_1_3' title="bbox 242 449 1285 536">
    <p class='ocr_par' dir='ltr' id='par_1_3' title="bbox 242 449 1285 536">
     <span class='ocr_line' id='line_1_3' title="bbox 242 449 1285 536; baseline -0.001 -20"><span class='ocrx_word' id='word_1_12' title='bbox 242 451 410 536; x_wconf 86' lang='lat' dir='ltr'>prudentis</span> <span class='ocrx_word' id='word_1_13' title='bbox 435 454 468 516; x_wconf 90' lang='lat' dir='ltr'>et</span> <span class='ocrx_word' id='word_1_14' title='bbox 489 450 631 515; x_wconf 84' lang='lat' dir='ltr'>liberalis</span> <span class='ocrx_word' id='word_1_15' title='bbox 655 453 696 534; x_wconf 89' lang='lat' dir='ltr'>et,</span> <span class='ocrx_word' id='word_1_16' title='bbox 718 453 756 515; x_wconf 87' lang='lat' dir='ltr'>ut</span> <span class='ocrx_word' id='word_1_17' title='bbox 776 451 976 536; x_wconf 79' lang='lat' dir='ltr'>perspexisse</span> <span class='ocrx_word' id='word_1_18' title='bbox 998 449 1118 534; x_wconf 76' lang='lat' dir='ltr'>videor,</span> <span class='ocrx_word' id='word_1_19' title='bbox 1139 471 1201 515; x_wconf 89' lang='lat' dir='ltr'>nee</span> <span class='ocrx_word' id='word_1_20' title='bbox 1284 499 1285 532; x_wconf 24' lang='grc' dir='ltr'>ἶ</span> 
     </span>
    </p>
   </div>
   <div class='ocr_carea' id='block_1_4' title="bbox 243 539 1201 889">
    <p class='ocr_par' dir='ltr' id='par_1_4' title="bbox 243 539 1201 889">
     <span class='ocr_line' id='line_1_4' title="bbox 243 539 1201 624; baseline -0.004 -18"><span class='ocrx_word' id='word_1_21' title='bbox 243 560 264 606; x_wconf 86' lang='lat' dir='ltr'><strong><em>a</em></strong></span> <span class='ocrx_word' id='word_1_22' title='bbox 286 561 337 606; x_wconf 91' lang='lat' dir='ltr'>me</span> <span class='ocrx_word' id='word_1_23' title='bbox 360 540 458 604; x_wconf 78' lang='lat' dir='ltr'>alieni</span> <span class='ocrx_word' id='word_1_24' title='bbox 481 542 514 604; x_wconf 89' lang='lat' dir='ltr'>et</span> <span class='ocrx_word' id='word_1_25' title='bbox 535 539 596 603; x_wconf 89' lang='lat' dir='ltr'>tibi</span> <span class='ocrx_word' id='word_1_26' title='bbox 618 539 817 624; x_wconf 79' lang='lat' dir='ltr'>amicissimi3</span> <span class='ocrx_word' id='word_1_27' title='bbox 844 539 930 624; x_wconf 89' lang='lat' dir='ltr'>quod</span> <span class='ocrx_word' id='word_1_28' title='bbox 957 559 1056 623; x_wconf 85' lang='lat' dir='ltr'>quum</span> <span class='ocrx_word' id='word_1_29' title='bbox 1077 539 1126 603; x_wconf 82' lang='lat' dir='ltr'>ite</span> <span class='ocrx_word' id='word_1_30' title='bbox 1148 539 1201 623; x_wconf 82' lang='lat' dir='ltr'>sit,</span> 
     </span>
     <span class='ocr_line' id='line_1_5' title="bbox 243 627 1201 730; baseline -0.003 -35"><span class='ocrx_word' id='word_1_31' title='bbox 243 649 382 714; x_wconf 78' lang='lat' dir='ltr'>magnae</span> <span class='ocrx_word' id='word_1_32' title='bbox 414 631 525 694; x_wconf 85' lang='lat' dir='ltr'>tamen</span> <span class='ocrx_word' id='word_1_33' title='bbox 557 631 607 693; x_wconf 92' lang='lat' dir='ltr'>est</span> <span class='ocrx_word' id='word_1_34' title='bbox 637 627 891 710; x_wconf 81' lang='lat' dir='ltr'>deliberationis,</span> <span class='ocrx_word' id='word_1_35' title='bbox 927 649 1010 712; x_wconf 84' lang='lat' dir='ltr'>quae</span> <span class='ocrx_word' id='word_1_36' title='bbox 1040 628 1123 693; x_wconf 80' lang='lat' dir='ltr'>ratio</span> <span class='ocrx_word' id='word_1_37' title='bbox 1139 677 1142 683; x_wconf 87' lang='lat'>.</span> <span class='ocrx_word' id='word_1_38' title='bbox 1157 627 1201 730; x_wconf 65' lang='lat' dir='ltr'>sp‘t</span> 
     </span>
     <span class='ocr_line' id='line_1_6' title="bbox 243 715 1200 802; baseline -0.002 -20"><span class='ocrx_word' id='word_1_39' title='bbox 243 717 384 783; x_wconf 79' lang='lat' dir='ltr'>ineundo</span> <span class='ocrx_word' id='word_1_40' title='bbox 411 717 506 782; x_wconf 90' lang='lat' dir='ltr'>nobis</span> <span class='ocrx_word' id='word_1_41' title='bbox 533 737 602 783; x_wconf 89' lang='lat' dir='ltr'>non</span> <span class='ocrx_word' id='word_1_42' title='bbox 629 717 746 802; x_wconf 82' lang='lat' dir='ltr'>egendi</span> <span class='ocrx_word' id='word_1_43' title='bbox 774 716 908 802; x_wconf 81' lang='lat' dir='ltr'>aliquid,</span> <span class='ocrx_word' id='word_1_44' title='bbox 938 717 993 782; x_wconf 82' lang='lat' dir='ltr'>sed</span> <span class='ocrx_word' id='word_1_45' title='bbox 1015 715 1101 781; x_wconf 87' lang='lat' dir='ltr'>illius</span> <span class='ocrx_word' id='word_1_46' title='bbox 1125 736 1200 782; x_wconf 87' lang='lat' dir='ltr'>eon·</span> 
     </span>
     <span class='ocr_line' id='line_1_7' title="bbox 244 804 922 889; baseline -0.003 -17"><span class='ocrx_word' id='word_1_47' title='bbox 244 827 336 872; x_wconf 87' lang='lat' dir='ltr'>oessu</span> <span class='ocrx_word' id='word_1_48' title='bbox 359 809 393 870; x_wconf 87' lang='lat' dir='ltr'>et</span> <span class='ocrx_word' id='word_1_49' title='bbox 413 805 570 870; x_wconf 84' lang='lat' dir='ltr'>beneficio</span> <span class='ocrx_word' id='word_1_50' title='bbox 593 805 786 889; x_wconf 87' lang='lat' dir='ltr'>quiesoendi.</span> <span class='ocrx_word' id='word_1_51' title='bbox 831 804 922 870; x_wconf 83' lang='lat' dir='ltr'>Vale.</span> 
     </span>
    </p>
   </div>
   <div class='ocr_carea' id='block_1_5' title="bbox 342 998 1100 1184">
    <p class='ocr_par' dir='ltr' id='par_1_5' title="bbox 342 998 1100 1184">
     <span class='ocr_line' id='line_1_8' title="bbox 688 998 763 1067; baseline -0.053 0"><span class='ocrx_word' id='word_1_52' title='bbox 688 998 763 1067; x_wconf 87' lang='lat' dir='ltr'>VII.</span> 
     </span>
     <span class='ocr_line' id='line_1_9' title="bbox 342 1110 1100 1184; baseline -0.004 -16"><span class='ocrx_word' id='word_1_53' title='bbox 342 1111 400 1168; x_wconf 80' lang='lat' dir='ltr'>Sor.</span> <span class='ocrx_word' id='word_1_54' title='bbox 419 1111 525 1168; x_wconf 75' lang='lat' dir='ltr'>Romae</span> <span class='ocrx_word' id='word_1_55' title='bbox 545 1113 621 1184; x_wconf 82' lang='lat' dir='ltr'>(post</span> <span class='ocrx_word' id='word_1_56' title='bbox 637 1111 698 1167; x_wconf 84' lang='lat' dir='ltr'>VII.</span> <span class='ocrx_word' id='word_1_57' title='bbox 718 1111 780 1166; x_wconf 80' lang='lat' dir='ltr'>Kal.</span> <span class='ocrx_word' id='word_1_58' title='bbox 800 1110 887 1182; x_wconf 82' lang='lat' dir='ltr'>Sext.)</span> <span class='ocrx_word' id='word_1_59' title='bbox 906 1128 930 1166; x_wconf 73' lang='lat' dir='ltr'>e</span> <span class='ocrx_word' id='word_1_60' title='bbox 951 1129 978 1167; x_wconf 85' lang='lat' dir='ltr'>n.</span> <span class='ocrx_word' id='word_1_61' title='bbox 998 1127 1021 1167; x_wconf 76' lang='lat' dir='ltr'>o</span> <span class='ocrx_word' id='word_1_62' title='bbox 1042 1115 1100 1166; x_wconf 78' lang='grc'><strong>708.</strong></span> 
     </span>
    </p>
   </div>
   <div class='ocr_carea' id='block_1_6' title="bbox 211 1215 1202 1422">
    <p class='ocr_par' dir='ltr' id='par_1_6' title="bbox 211 1215 1202 1422">
     <span class='ocr_line' id='line_1_10' title="bbox 437 1215 1004 1292; baseline 0 -1"><span class='ocrx_word' id='word_1_63' title='bbox 437 1237 474 1291; x_wconf 84' lang='lat' dir='ltr'>n.</span> <span class='ocrx_word' id='word_1_64' title='bbox 495 1215 624 1292; x_wconf 76' lang='lat' dir='ltr'>oroneo</span> <span class='ocrx_word' id='word_1_65' title='bbox 644 1236 670 1292; x_wconf 90' lang='lat' dir='ltr'>s.</span> <span class='ocrx_word' id='word_1_66' title='bbox 689 1235 723 1290; x_wconf 83' lang='lat' dir='ltr'>n.</span> <span class='ocrx_word' id='word_1_67' title='bbox 742 1236 779 1292; x_wconf 87' lang='lat' dir='ltr'>rr.</span> <span class='ocrx_word' id='word_1_68' title='bbox 798 1235 1004 1292; x_wconf 76' lang='lat' dir='ltr'>nnsonnno.</span> 
     </span>
     <span class='ocr_line' id='line_1_11' title="bbox 211 1334 1202 1422; baseline 0.002 -23"><span class='ocrx_word' id='word_1_69' title='bbox 211 1351 224 1399; x_wconf 93' lang='lat'>1</span> <span class='ocrx_word' id='word_1_70' title='bbox 310 1334 383 1402; x_wconf 79' lang='lat' dir='ltr'>Etsi</span> <span class='ocrx_word' id='word_1_71' title='bbox 406 1340 500 1402; x_wconf 89' lang='lat' dir='ltr'>eote</span> <span class='ocrx_word' id='word_1_72' title='bbox 523 1335 628 1401; x_wconf 80' lang='lat' dir='ltr'>adhue</span> <span class='ocrx_word' id='word_1_73' title='bbox 651 1336 786 1401; x_wconf 87' lang='lat' dir='ltr'>oonsilio</span> <span class='ocrx_word' id='word_1_74' title='bbox 809 1357 903 1401; x_wconf 89' lang='lat' dir='ltr'>usum</span> <span class='ocrx_word' id='word_1_75' title='bbox 925 1335 1083 1422; x_wconf 79' lang='lat' dir='ltr'>intelligo,</span> <span class='ocrx_word' id='word_1_76' title='bbox 1107 1337 1146 1401; x_wconf 90' lang='lat' dir='ltr'>ut</span> <span class='ocrx_word' id='word_1_77' title='bbox 1167 1337 1202 1401; x_wconf 92' lang='lat' dir='ltr'>id</span> 
     </span>
    </p>
   </div>
   <div class='ocr_carea' id='block_1_7' title="bbox 244 1423 1287 1599">
    <p class='ocr_par' dir='ltr' id='par_1_7' title="bbox 244 1423 1287 1599">
     <span class='ocr_line' id='line_1_12' title="bbox 244 1423 1287 1510; baseline 0.002 -22"><span class='ocrx_word' id='word_1_78' title='bbox 244 1423 476 1508; x_wconf 86' lang='lat' dir='ltr'>reprehendere</span> <span class='ocrx_word' id='word_1_79' title='bbox 498 1446 566 1490; x_wconf 90' lang='lat' dir='ltr'>non</span> <span class='ocrx_word' id='word_1_80' title='bbox 584 1424 728 1510; x_wconf 80' lang='lat' dir='ltr'>audeam,</span> <span class='ocrx_word' id='word_1_81' title='bbox 750 1446 818 1490; x_wconf 90' lang='lat' dir='ltr'>non</span> <span class='ocrx_word' id='word_1_82' title='bbox 836 1425 914 1509; x_wconf 91' lang='lat' dir='ltr'>quin</span> <span class='ocrx_word' id='word_1_83' title='bbox 933 1425 973 1490; x_wconf 83' lang='lat' dir='ltr'>eb</span> <span class='ocrx_word' id='word_1_84' title='bbox 993 1445 1031 1490; x_wconf 91' lang='lat' dir='ltr'>eo</span> <span class='ocrx_word' id='word_1_85' title='bbox 1049 1425 1119 1509; x_wconf 88' lang='lat' dir='ltr'>ipse</span> <span class='ocrx_word' id='word_1_86' title='bbox 1137 1424 1200 1490; x_wconf 87' lang='lat' dir='ltr'>dis·</span> <span class='ocrx_word' id='word_1_87' title='bbox 1286 1495 1287 1500; x_wconf 6' lang='grc' dir='ltr'>χ</span> 
     </span>
     <span class='ocr_line' id='line_1_13' title="bbox 245 1511 1287 1599; baseline 0.002 -23"><span class='ocrx_word' id='word_1_88' title='bbox 245 1511 390 1596; x_wconf 73' lang='lat' dir='ltr'>sentiam,</span> <span class='ocrx_word' id='word_1_89' title='bbox 413 1513 469 1578; x_wconf 91' lang='lat' dir='ltr'>sed</span> <span class='ocrx_word' id='word_1_90' title='bbox 492 1513 578 1598; x_wconf 87' lang='lat' dir='ltr'>quod</span> <span class='ocrx_word' id='word_1_91' title='bbox 601 1535 639 1578; x_wconf 85' lang='lat' dir='ltr'>ea</span> <span class='ocrx_word' id='word_1_92' title='bbox 659 1516 693 1578; x_wconf 84' lang='lat' dir='ltr'>te</span> <span class='ocrx_word' id='word_1_93' title='bbox 716 1514 875 1599; x_wconf 84' lang='lat' dir='ltr'>sapientia</span> <span class='ocrx_word' id='word_1_94' title='bbox 897 1535 967 1578; x_wconf 88' lang='lat' dir='ltr'>esse</span> <span class='ocrx_word' id='word_1_95' title='bbox 989 1513 1141 1598; x_wconf 76' lang='lat' dir='ltr'>iudicem,</span> <span class='ocrx_word' id='word_1_96' title='bbox 1163 1517 1203 1578; x_wconf 84' lang='lat' dir='ltr'>ut</span> <span class='ocrx_word' id='word_1_97' title='bbox 1286 1529 1287 1532; x_wconf 74' lang='grc'>’</span> 
     </span>
    </p>
   </div>
   <div class='ocr_carea' id='block_1_8' title="bbox 244 1602 1203 2024">
    <p class='ocr_par' dir='ltr' id='par_1_8' title="bbox 244 1602 1203 2024">
     <span class='ocr_line' id='line_1_14' title="bbox 244 1602 1202 1687; baseline 0.001 -22"><span class='ocrx_word' id='word_1_98' title='bbox 244 1621 351 1666; x_wconf 85' lang='lat' dir='ltr'>meum</span> <span class='ocrx_word' id='word_1_99' title='bbox 369 1602 538 1667; x_wconf 85' lang='lat' dir='ltr'>eonsilium</span> <span class='ocrx_word' id='word_1_100' title='bbox 555 1623 624 1666; x_wconf 88' lang='lat' dir='ltr'>non</span> <span class='ocrx_word' id='word_1_101' title='bbox 641 1604 837 1687; x_wconf 74' lang='lat' dir='ltr'>anteponam</span> <span class='ocrx_word' id='word_1_102' title='bbox 854 1605 922 1686; x_wconf 90' lang='lat' dir='ltr'>tuo,</span> <span class='ocrx_word' id='word_1_103' title='bbox 943 1605 1054 1667; x_wconf 81' lang='lat' dir='ltr'>temen</span> <span class='ocrx_word' id='word_1_104' title='bbox 1072 1605 1105 1667; x_wconf 89' lang='lat' dir='ltr'>et</span> <span class='ocrx_word' id='word_1_105' title='bbox 1121 1603 1202 1666; x_wconf 81' lang='lat' dir='ltr'>emi-</span> 
     </span>
     <span class='ocr_line' id='line_1_15' title="bbox 245 1689 1202 1778; baseline 0.003 -25"><span class='ocrx_word' id='word_1_106' title='bbox 245 1689 338 1755; x_wconf 83' lang='lat' dir='ltr'>oitiee</span> <span class='ocrx_word' id='word_1_107' title='bbox 357 1694 487 1756; x_wconf 76' lang='lat' dir='ltr'>nostres</span> <span class='ocrx_word' id='word_1_108' title='bbox 504 1694 648 1758; x_wconf 80' lang='lat' dir='ltr'>vetustas</span> <span class='ocrx_word' id='word_1_109' title='bbox 668 1694 701 1756; x_wconf 92' lang='lat' dir='ltr'>et</span> <span class='ocrx_word' id='word_1_110' title='bbox 717 1694 775 1756; x_wconf 86' lang='lat' dir='ltr'>tue</span> <span class='ocrx_word' id='word_1_111' title='bbox 792 1711 918 1757; x_wconf 83' lang='lat' dir='ltr'>summa</span> <span class='ocrx_word' id='word_1_112' title='bbox 939 1711 1016 1778; x_wconf 79' lang='lat' dir='ltr'>erge</span> <span class='ocrx_word' id='word_1_113' title='bbox 1034 1711 1085 1756; x_wconf 89' lang='lat' dir='ltr'>me</span> <span class='ocrx_word' id='word_1_114' title='bbox 1103 1690 1202 1756; x_wconf 87' lang='lat' dir='ltr'>bene-</span> 
     </span>
     <span class='ocr_line' id='line_1_16' title="bbox 244 1778 1203 1866; baseline 0.001 -23"><span class='ocrx_word' id='word_1_115' title='bbox 244 1778 396 1863; x_wconf 81' lang='lat' dir='ltr'>volentis,</span> <span class='ocrx_word' id='word_1_116' title='bbox 418 1801 499 1864; x_wconf 79' lang='lat' dir='ltr'>quae</span> <span class='ocrx_word' id='word_1_117' title='bbox 522 1779 602 1844; x_wconf 88' lang='lat' dir='ltr'>mihi</span> <span class='ocrx_word' id='word_1_118' title='bbox 623 1780 689 1844; x_wconf 82' lang='lat' dir='ltr'>iem</span> <span class='ocrx_word' id='word_1_119' title='bbox 712 1780 891 1864; x_wconf 77' lang='lat' dir='ltr'>a&#39;pueritia</span> <span class='ocrx_word' id='word_1_120' title='bbox 913 1783 970 1844; x_wconf 81' lang='lat' dir='ltr'>tue</span> <span class='ocrx_word' id='word_1_121' title='bbox 988 1779 1119 1866; x_wconf 79' lang='lat' dir='ltr'>cognite</span> <span class='ocrx_word' id='word_1_122' title='bbox 1140 1783 1203 1865; x_wconf 84' lang='lat' dir='ltr'>est,</span> 
     </span>
     <span class='ocr_line' id='line_1_17' title="bbox 245 1867 1203 1953; baseline 0.001 -22"><span class='ocrx_word' id='word_1_123' title='bbox 245 1887 296 1931; x_wconf 87' lang='lat' dir='ltr'>me</span> <span class='ocrx_word' id='word_1_124' title='bbox 317 1867 449 1932; x_wconf 80' lang='lat' dir='ltr'>hortata</span> <span class='ocrx_word' id='word_1_125' title='bbox 471 1871 529 1952; x_wconf 84' lang='lat' dir='ltr'>est,</span> <span class='ocrx_word' id='word_1_126' title='bbox 551 1871 588 1932; x_wconf 90' lang='lat' dir='ltr'>ut</span> <span class='ocrx_word' id='word_1_127' title='bbox 610 1889 649 1932; x_wconf 84' lang='lat' dir='ltr'>eo</span> <span class='ocrx_word' id='word_1_128' title='bbox 671 1868 842 1933; x_wconf 76' lang='lat' dir='ltr'>scriberem</span> <span class='ocrx_word' id='word_1_129' title='bbox 865 1867 906 1933; x_wconf 86' lang='lat' dir='ltr'>ed</span> <span class='ocrx_word' id='word_1_130' title='bbox 928 1871 970 1953; x_wconf 88' lang='lat' dir='ltr'>te,</span> <span class='ocrx_word' id='word_1_131' title='bbox 993 1889 1075 1953; x_wconf 84' lang='lat' dir='ltr'>quae</span> <span class='ocrx_word' id='word_1_132' title='bbox 1094 1871 1128 1932; x_wconf 88' lang='lat' dir='ltr'>et</span> <span class='ocrx_word' id='word_1_133' title='bbox 1150 1889 1203 1932; x_wconf 82' lang='lat' dir='ltr'>sa-</span> 
     </span>
     <span class='ocr_line' id='line_1_18' title="bbox 244 1955 1203 2024; baseline 0.003 -4"><span class='ocrx_word' id='word_1_134' title='bbox 244 1955 305 2020; x_wconf 90' lang='lat' dir='ltr'>luti</span> <span class='ocrx_word' id='word_1_135' title='bbox 331 1959 406 2021; x_wconf 81' lang='lat' dir='ltr'>tuae</span> <span class='ocrx_word' id='word_1_136' title='bbox 439 1956 615 2022; x_wconf 81' lang='lat' dir='ltr'>conducere</span> <span class='ocrx_word' id='word_1_137' title='bbox 642 1957 816 2022; x_wconf 79' lang='lat' dir='ltr'>erbItrerer</span> <span class='ocrx_word' id='word_1_138' title='bbox 842 1961 876 2023; x_wconf 88' lang='lat' dir='ltr'>et</span> <span class='ocrx_word' id='word_1_139' title='bbox 901 1977 970 2022; x_wconf 88' lang='lat' dir='ltr'>non</span> <span class='ocrx_word' id='word_1_140' title='bbox 997 1957 1103 2024; x_wconf 82' lang='lat' dir='ltr'>aliene</span> <span class='ocrx_word' id='word_1_141' title='bbox 1130 1979 1203 2023; x_wconf 85' lang='lat' dir='ltr'>esse</span> 
     </span>
    </p>
   </div>
   <div class='ocr_carea' id='block_1_9' title="bbox 129 2044 1204 2466">
    <p class='ocr_par' dir='ltr' id='par_1_9' title="bbox 129 2044 1204 2466">
     <span class='ocr_line' id='line_1_19' title="bbox 209 2044 1204 2132; baseline 0.005 -25"><span class='ocrx_word' id='word_1_142' title='bbox 209 2044 394 2111; x_wconf 76' lang='lat' dir='ltr'>educerem</span> <span class='ocrx_word' id='word_1_143' title='bbox 416 2067 437 2111; x_wconf 83' lang='lat' dir='ltr'>e</span> <span class='ocrx_word' id='word_1_144' title='bbox 458 2045 625 2131; x_wconf 79' lang='lat' dir='ltr'>dignitate.</span> <span class='ocrx_word' id='word_1_145' title='bbox 660 2051 730 2132; x_wconf 77' lang='lat' dir='ltr'>Ego</span> <span class='ocrx_word' id='word_1_146' title='bbox 753 2067 827 2111; x_wconf 88' lang='lat' dir='ltr'>eum</span> <span class='ocrx_word' id='word_1_147' title='bbox 848 2049 882 2110; x_wconf 91' lang='lat' dir='ltr'>te</span> <span class='ocrx_word' id='word_1_148' title='bbox 904 2067 982 2131; x_wconf 87' lang='lat' dir='ltr'>esse,</span> <span class='ocrx_word' id='word_1_149' title='bbox 1005 2047 1061 2131; x_wconf 90' lang='lat' dir='ltr'>qui</span> <span class='ocrx_word' id='word_1_150' title='bbox 1082 2046 1204 2112; x_wconf 86' lang='lat' dir='ltr'>horum</span> 
     </span>
     <span class='ocr_line' id='line_1_20' title="bbox 129 2134 1203 2221; baseline -0.001 -22"><span class='ocrx_word' id='word_1_151' title='bbox 129 2141 133 2148; x_wconf 82' lang='grc'><em>“</em></span> <span class='ocrx_word' id='word_1_152' title='bbox 244 2135 403 2200; x_wconf 79' lang='lat' dir='ltr'>melorum</span> <span class='ocrx_word' id='word_1_153' title='bbox 415 2135 509 2200; x_wconf 83' lang='lat' dir='ltr'>initio</span> <span class='ocrx_word' id='word_1_154' title='bbox 523 2135 624 2200; x_wconf 86' lang='lat' dir='ltr'>multo</span> <span class='ocrx_word' id='word_1_155' title='bbox 635 2139 711 2199; x_wconf 81' lang='lat' dir='ltr'>ente</span> <span class='ocrx_word' id='word_1_156' title='bbox 720 2134 847 2220; x_wconf 82' lang='lat' dir='ltr'>videris,</span> <span class='ocrx_word' id='word_1_157' title='bbox 856 2135 1061 2201; x_wconf 81' lang='lat' dir='ltr'>consulatum</span> <span class='ocrx_word' id='word_1_158' title='bbox 1073 2135 1203 2221; x_wconf 78' lang='lat' dir='ltr'>magni·</span> 
     </span>
     <span class='ocr_line' id='line_1_21' title="bbox 243 2222 1203 2310; baseline 0.001 -23"><span class='ocrx_word' id='word_1_159' title='bbox 243 2222 449 2288; x_wconf 85' lang='lat' dir='ltr'>fieentissime</span> <span class='ocrx_word' id='word_1_160' title='bbox 481 2228 577 2308; x_wconf 78' lang='lat' dir='ltr'>atque</span> <span class='ocrx_word' id='word_1_161' title='bbox 610 2222 730 2308; x_wconf 88' lang='lat' dir='ltr'>optime</span> <span class='ocrx_word' id='word_1_162' title='bbox 762 2224 912 2310; x_wconf 83' lang='lat' dir='ltr'>gesseris,</span> <span class='ocrx_word' id='word_1_163' title='bbox 939 2225 1103 2308; x_wconf 80' lang='lat' dir='ltr'>proeolere</span> <span class='ocrx_word' id='word_1_164' title='bbox 1134 2245 1203 2288; x_wconf 87' lang='lat' dir='ltr'>me-</span> 
     </span>
     <span class='ocr_line' id='line_1_22' title="bbox 244 2311 1203 2466; baseline 0.002 -90"><span class='ocrx_word' id='word_1_165' title='bbox 244 2312 337 2394; x_wconf 81' lang='lat' dir='ltr'>mini3</span> <span class='ocrx_word' id='word_1_166' title='bbox 364 2312 420 2376; x_wconf 89' lang='lat' dir='ltr'>sed</span> <span class='ocrx_word' id='word_1_167' title='bbox 442 2312 528 2376; x_wconf 88' lang='lat' dir='ltr'>idem</span> <span class='ocrx_word' id='word_1_168' title='bbox 550 2311 649 2376; x_wconf 83' lang='lat' dir='ltr'>etiem</span> <span class='ocrx_word' id='word_1_169' title='bbox 670 2312 727 2377; x_wconf 81' lang='lat' dir='ltr'>ille</span> <span class='ocrx_word' id='word_1_170' title='bbox 749 2311 823 2397; x_wconf 80' lang='lat' dir='ltr'>vidi,</span> <span class='ocrx_word' id='word_1_171' title='bbox 846 2333 951 2466; x_wconf 60' lang='lat' dir='ltr'>neppe</span> <span class='ocrx_word' id='word_1_172' title='bbox 973 2315 1006 2377; x_wconf 85' lang='lat' dir='ltr'>te</span> <span class='ocrx_word' id='word_1_173' title='bbox 1029 2312 1203 2378; x_wconf 85' lang='lat' dir='ltr'>eonsilium</span> 
     </span>
    </p>
   </div>
   <div class='ocr_carea' id='block_1_10' title="bbox 244 2400 1205 3462">
    <p class='ocr_par' dir='ltr' id='par_1_10' title="bbox 244 2400 1205 3462">
     <span class='ocr_line' id='line_1_23' title="bbox 245 2400 1203 2487; baseline 0.004 -25"><span class='ocrx_word' id='word_1_174' title='bbox 245 2400 347 2465; x_wconf 74' lang='lat' dir='ltr'>oirilis</span> <span class='ocrx_word' id='word_1_175' title='bbox 369 2400 446 2464; x_wconf 90' lang='lat' dir='ltr'>belli</span> <span class='ocrx_word' id='word_1_176' title='bbox 467 2400 515 2463; x_wconf 76' lang='lat' dir='ltr'>tte</span> <span class='ocrx_word' id='word_1_177' title='bbox 532 2401 664 2485; x_wconf 80' lang='lat' dir='ltr'>gerendi</span> <span class='ocrx_word' id='word_1_178' title='bbox 682 2421 742 2465; x_wconf 89' lang='lat' dir='ltr'>neo</span> <span class='ocrx_word' id='word_1_179' title='bbox 764 2400 873 2487; x_wconf 81' lang='lat' dir='ltr'>copies</span> <span class='ocrx_word' id='word_1_180' title='bbox 922 2421 954 2466; x_wconf 85' lang='lat' dir='ltr'>m</span> <span class='ocrx_word' id='word_1_181' title='bbox 971 2400 1118 2487; x_wconf 85' lang='lat' dir='ltr'>Pompeii</span> <span class='ocrx_word' id='word_1_182' title='bbox 1139 2422 1203 2466; x_wconf 88' lang='lat' dir='ltr'>neo</span> 
     </span>
     <span class='ocr_line' id='line_1_24' title="bbox 246 2488 1204 2574; baseline 0.004 -23"><span class='ocrx_word' id='word_1_183' title='bbox 246 2506 348 2572; x_wconf 83' lang='lat' dir='ltr'>genus</span> <span class='ocrx_word' id='word_1_184' title='bbox 366 2488 522 2553; x_wconf 87' lang='lat' dir='ltr'>exereitus</span> <span class='ocrx_word' id='word_1_185' title='bbox 539 2489 677 2573; x_wconf 85' lang='lat' dir='ltr'>probare</span> <span class='ocrx_word' id='word_1_186' title='bbox 696 2511 883 2574; x_wconf 85' lang='lat' dir='ltr'>semperque</span> <span class='ocrx_word' id='word_1_187' title='bbox 902 2510 1025 2555; x_wconf 87' lang='lat' dir='ltr'>summe</span> <span class='ocrx_word' id='word_1_188' title='bbox 1046 2489 1204 2574; x_wconf 87' lang='lat' dir='ltr'>diffidere,</span> 
     </span>
     <span class='ocr_line' id='line_1_25' title="bbox 246 2576 1204 2663; baseline 0.004 -23"><span class='ocrx_word' id='word_1_189' title='bbox 246 2596 310 2659; x_wconf 79' lang='lat' dir='ltr'>que</span> <span class='ocrx_word' id='word_1_190' title='bbox 331 2576 367 2640; x_wconf 89' lang='lat' dir='ltr'>in</span> <span class='ocrx_word' id='word_1_191' title='bbox 389 2577 550 2642; x_wconf 84' lang='lat' dir='ltr'>sententie</span> <span class='ocrx_word' id='word_1_192' title='bbox 572 2599 623 2642; x_wconf 88' lang='lat' dir='ltr'>me</span> <span class='ocrx_word' id='word_1_193' title='bbox 647 2599 773 2663; x_wconf 85' lang='lat' dir='ltr'>quoque</span> <span class='ocrx_word' id='word_1_194' title='bbox 795 2577 895 2643; x_wconf 87' lang='lat' dir='ltr'>fuisse</span> <span class='ocrx_word' id='word_1_195' title='bbox 917 2579 1072 2645; x_wconf 83' lang='lat' dir='ltr'>memorie</span> <span class='ocrx_word' id='word_1_196' title='bbox 1088 2581 1204 2644; x_wconf 85' lang='lat' dir='ltr'>tenere</span> 
     </span>
     <span class='ocr_line' id='line_1_26' title="bbox 244 2665 1204 2750; baseline 0.004 -22"><span class='ocrx_word' id='word_1_197' title='bbox 244 2666 278 2728; x_wconf 86' lang='lat' dir='ltr'>te</span> <span class='ocrx_word' id='word_1_198' title='bbox 314 2665 461 2731; x_wconf 76' lang='lat' dir='ltr'>arbitror.</span> <span class='ocrx_word' id='word_1_199' title='bbox 504 2665 619 2750; x_wconf 81' lang='lat' dir='ltr'>ltaque</span> <span class='ocrx_word' id='word_1_200' title='bbox 650 2687 754 2750; x_wconf 88' lang='lat' dir='ltr'>neque</span> <span class='ocrx_word' id='word_1_201' title='bbox 784 2670 822 2731; x_wconf 85' lang='lat' dir='ltr'>tu</span> <span class='ocrx_word' id='word_1_202' title='bbox 854 2668 992 2733; x_wconf 87' lang='lat' dir='ltr'>multum</span> <span class='ocrx_word' id='word_1_203' title='bbox 1022 2667 1204 2732; x_wconf 81' lang='lat' dir='ltr'>Interfuisti</span> 
     </span>
     <span class='ocr_line' id='line_1_27' title="bbox 245 2753 1204 2841; baseline 0.004 -24"><span class='ocrx_word' id='word_1_204' title='bbox 245 2753 340 2819; x_wconf 88' lang='lat' dir='ltr'>rebus</span> <span class='ocrx_word' id='word_1_205' title='bbox 363 2754 512 2840; x_wconf 83' lang='lat' dir='ltr'>gerendis</span> <span class='ocrx_word' id='word_1_206' title='bbox 535 2759 568 2820; x_wconf 90' lang='lat' dir='ltr'>et</span> <span class='ocrx_word' id='word_1_207' title='bbox 586 2776 646 2841; x_wconf 80' lang='lat' dir='ltr'>ego</span> <span class='ocrx_word' id='word_1_208' title='bbox 665 2754 838 2840; x_wconf 85' lang='lat' dir='ltr'>idsemper</span> <span class='ocrx_word' id='word_1_209' title='bbox 855 2757 917 2841; x_wconf 83' lang='lat' dir='ltr'>egi,</span> <span class='ocrx_word' id='word_1_210' title='bbox 938 2777 980 2820; x_wconf 90' lang='lat' dir='ltr'>ne</span> <span class='ocrx_word' id='word_1_211' title='bbox 998 2756 1204 2840; x_wconf 67' lang='lat' dir='ltr'>interessem</span> 
     </span>
     <span class='ocr_line' id='line_1_28' title="bbox 246 2843 1204 2930; baseline 0.004 -24"><span class='ocrx_word' id='word_1_212' title='bbox 246 2863 313 2907; x_wconf 90' lang='lat' dir='ltr'>non</span> <span class='ocrx_word' id='word_1_213' title='bbox 335 2844 422 2908; x_wconf 87' lang='lat' dir='ltr'>enim</span> <span class='ocrx_word' id='word_1_214' title='bbox 442 2844 483 2909; x_wconf 87' lang='lat' dir='ltr'>iis</span> <span class='ocrx_word' id='word_1_215' title='bbox 505 2845 601 2910; x_wconf 87' lang='lat' dir='ltr'>rebus</span> <span class='ocrx_word' id='word_1_216' title='bbox 618 2843 853 2930; x_wconf 82' lang='lat' dir='ltr'>pugnabemus,</span> <span class='ocrx_word' id='word_1_217' title='bbox 875 2843 992 2929; x_wconf 90' lang='lat' dir='ltr'>quibus</span> <span class='ocrx_word' id='word_1_218' title='bbox 1015 2845 1120 2909; x_wconf 78' lang='lat' dir='ltr'>velere</span> <span class='ocrx_word' id='word_1_219' title='bbox 1143 2867 1204 2929; x_wconf 93' lang='lat' dir='ltr'>po·</span> 
     </span>
     <span class='ocr_line' id='line_1_29' title="bbox 245 2933 1205 3018; baseline 0.004 -23"><span class='ocrx_word' id='word_1_220' title='bbox 245 2933 396 3018; x_wconf 78' lang='lat' dir='ltr'>teramus,</span> <span class='ocrx_word' id='word_1_221' title='bbox 419 2933 567 3018; x_wconf 86' lang='lat' dir='ltr'>oonsilio,</span> <span class='ocrx_word' id='word_1_222' title='bbox 589 2933 789 3017; x_wconf 84' lang='lat' dir='ltr'>auctoritate,</span> <span class='ocrx_word' id='word_1_223' title='bbox 812 2953 921 3017; x_wconf 78' lang='lat' dir='ltr'>eausa,</span> <span class='ocrx_word' id='word_1_224' title='bbox 944 2954 1027 3016; x_wconf 83' lang='lat' dir='ltr'>quae</span> <span class='ocrx_word' id='word_1_225' title='bbox 1049 2936 1143 2997; x_wconf 85' lang='lat' dir='ltr'>erent</span> <span class='ocrx_word' id='word_1_226' title='bbox 1165 2934 1205 2999; x_wconf 81' lang='lat' dir='ltr'>iu</span> 
     </span>
     <span class='ocr_line' id='line_1_30' title="bbox 245 3020 1205 3107; baseline 0.001 -22"><span class='ocrx_word' id='word_1_227' title='bbox 245 3020 339 3086; x_wconf 89' lang='lat' dir='ltr'>nobis</span> <span class='ocrx_word' id='word_1_228' title='bbox 363 3023 537 3107; x_wconf 81' lang='lat' dir='ltr'>superiore,</span> <span class='ocrx_word' id='word_1_229' title='bbox 561 3023 617 3088; x_wconf 89' lang='lat' dir='ltr'>sed</span> <span class='ocrx_word' id='word_1_230' title='bbox 638 3021 766 3086; x_wconf 75' lang='lat' dir='ltr'>lacertis</span> <span class='ocrx_word' id='word_1_231' title='bbox 791 3023 823 3085; x_wconf 90' lang='lat' dir='ltr'>et</span> <span class='ocrx_word' id='word_1_232' title='bbox 844 3021 976 3106; x_wconf 81' lang='lat' dir='ltr'>viribus,</span> <span class='ocrx_word' id='word_1_233' title='bbox 1005 3021 1122 3105; x_wconf 84' lang='lat' dir='ltr'>quibus</span> <span class='ocrx_word' id='word_1_234' title='bbox 1143 3043 1205 3106; x_wconf 83' lang='lat' dir='ltr'>pe-</span> 
     </span>
     <span class='ocr_line' id='line_1_31' title="bbox 245 3108 1204 3196; baseline 0.002 -23"><span class='ocrx_word' id='word_1_235' title='bbox 245 3130 296 3176; x_wconf 88' lang='lat' dir='ltr'>res</span> <span class='ocrx_word' id='word_1_236' title='bbox 323 3132 391 3176; x_wconf 92' lang='lat' dir='ltr'>non</span> <span class='ocrx_word' id='word_1_237' title='bbox 417 3132 557 3177; x_wconf 84' lang='lat' dir='ltr'>eramus:</span> <span class='ocrx_word' id='word_1_238' title='bbox 588 3110 665 3174; x_wconf 87' lang='lat' dir='ltr'>vieti</span> <span class='ocrx_word' id='word_1_239' title='bbox 692 3131 802 3175; x_wconf 88' lang='lat' dir='ltr'>sumus</span> <span class='ocrx_word' id='word_1_240' title='bbox 829 3108 930 3196; x_wconf 80' lang='lat' dir='ltr'>igitur</span> <span class='ocrx_word' id='word_1_241' title='bbox 957 3113 1026 3194; x_wconf 85' lang='lat' dir='ltr'>eut,</span> <span class='ocrx_word' id='word_1_242' title='bbox 1058 3111 1085 3174; x_wconf 78' lang='lat' dir='ltr'>ri</span> <span class='ocrx_word' id='word_1_243' title='bbox 1114 3108 1204 3176; x_wconf 84' lang='lat' dir='ltr'>vinei</span> 
     </span>
     <span class='ocr_line' id='line_1_32' title="bbox 246 3198 1203 3285; baseline 0.001 -21"><span class='ocrx_word' id='word_1_244' title='bbox 246 3198 387 3284; x_wconf 75' lang='lat' dir='ltr'>dignitas</span> <span class='ocrx_word' id='word_1_245' title='bbox 409 3221 478 3265; x_wconf 90' lang='lat' dir='ltr'>non</span> <span class='ocrx_word' id='word_1_246' title='bbox 499 3201 616 3285; x_wconf 83' lang='lat' dir='ltr'>potest,</span> <span class='ocrx_word' id='word_1_247' title='bbox 637 3199 733 3264; x_wconf 77' lang='lat' dir='ltr'>fracti</span> <span class='ocrx_word' id='word_1_248' title='bbox 755 3201 841 3262; x_wconf 82' lang='lat' dir='ltr'>certe</span> <span class='ocrx_word' id='word_1_249' title='bbox 863 3202 897 3263; x_wconf 87' lang='lat' dir='ltr'>et</span> <span class='ocrx_word' id='word_1_250' title='bbox 919 3198 1048 3282; x_wconf 76' lang='lat' dir='ltr'>abieoti3</span> <span class='ocrx_word' id='word_1_251' title='bbox 1077 3198 1112 3264; x_wconf 89' lang='lat' dir='ltr'>in</span> <span class='ocrx_word' id='word_1_252' title='bbox 1135 3221 1203 3283; x_wconf 89' lang='lat' dir='ltr'>quo</span> 
     </span>
     <span class='ocr_line' id='line_1_33' title="bbox 245 3286 1204 3372; baseline 0.001 -21"><span class='ocrx_word' id='word_1_253' title='bbox 245 3290 337 3352; x_wconf 89' lang='lat' dir='ltr'>tuum</span> <span class='ocrx_word' id='word_1_254' title='bbox 360 3289 530 3354; x_wconf 86' lang='lat' dir='ltr'>eonsilium</span> <span class='ocrx_word' id='word_1_255' title='bbox 552 3308 647 3352; x_wconf 91' lang='lat' dir='ltr'>nemo</span> <span class='ocrx_word' id='word_1_256' title='bbox 675 3289 783 3372; x_wconf 87' lang='lat' dir='ltr'>potest</span> <span class='ocrx_word' id='word_1_257' title='bbox 805 3307 872 3353; x_wconf 89' lang='lat' dir='ltr'>non</span> <span class='ocrx_word' id='word_1_258' title='bbox 895 3286 1032 3353; x_wconf 81' lang='lat' dir='ltr'>maxime</span> <span class='ocrx_word' id='word_1_259' title='bbox 1058 3286 1204 3372; x_wconf 76' lang='lat' dir='ltr'>laudere,</span> 
     </span>
     <span class='ocr_line' id='line_1_34' title="bbox 246 3374 1205 3462; baseline 0.003 -23"><span class='ocrx_word' id='word_1_260' title='bbox 246 3375 332 3460; x_wconf 91' lang='lat' dir='ltr'>quod</span> <span class='ocrx_word' id='word_1_261' title='bbox 363 3397 436 3440; x_wconf 88' lang='lat' dir='ltr'>eum</span> <span class='ocrx_word' id='word_1_262' title='bbox 472 3397 528 3462; x_wconf 86' lang='lat' dir='ltr'>sps</span> <span class='ocrx_word' id='word_1_263' title='bbox 563 3375 713 3442; x_wconf 79' lang='lat' dir='ltr'>vincendi</span> <span class='ocrx_word' id='word_1_264' title='bbox 748 3374 843 3441; x_wconf 89' lang='lat' dir='ltr'>simul</span> <span class='ocrx_word' id='word_1_265' title='bbox 880 3376 1025 3441; x_wconf 81' lang='lat' dir='ltr'>abiecisti</span> <span class='ocrx_word' id='word_1_266' title='bbox 1056 3377 1205 3456; x_wconf 71' lang='lat' dir='ltr'>pertendi</span> 
     </span>
    </p>
   </div>
   <div class='ocr_carea' id='block_1_11' title="bbox 316 3563 1149 3640">
    <p class='ocr_par' dir='ltr' id='par_1_11' title="bbox 316 3563 1149 3640">
     <span class='ocr_line' id='line_1_35' title="bbox 316 3563 1149 3640; baseline 0.001 -20"><span class='ocrx_word' id='word_1_267' title='bbox 316 3563 367 3634; x_wconf 81' lang='lat' dir='ltr'>Ep.</span> <span class='ocrx_word' id='word_1_268' title='bbox 387 3571 412 3634; x_wconf 76' lang='lat' dir='ltr'>t,</span> <span class='ocrx_word' id='word_1_269' title='bbox 428 3569 451 3620; x_wconf 87' lang='lat'>1.</span> <span class='ocrx_word' id='word_1_270' title='bbox 487 3567 605 3624; x_wconf 76' lang='lat' dir='ltr'>iudicem</span> <span class='ocrx_word' id='word_1_271' title='bbox 623 3566 679 3636; x_wconf 73' lang='lat' dir='ltr'>(Id,</span> <span class='ocrx_word' id='word_1_272' title='bbox 698 3567 808 3640; x_wconf 63' lang='lat' dir='ltr'>vulpot,</span> <span class='ocrx_word' id='word_1_273' title='bbox 838 3567 933 3624; x_wconf 76' lang='lat' dir='ltr'>iudico</span> <span class='ocrx_word' id='word_1_274' title='bbox 951 3567 1069 3638; x_wconf 70' lang='lat' dir='ltr'>(libyn,</span> <span class='ocrx_word' id='word_1_275' title='bbox 1087 3566 1149 3637; x_wconf 80' lang='lat' dir='ltr'>B.)?</span> 
     </span>
    </p>
   </div>
   <div class='ocr_carea' id='block_1_12' title="bbox 0 0 1315 3980">
    <p class='ocr_par' dir='ltr' id='par_1_12' title="bbox 0 0 1315 3980">
     <span class='ocr_line' id='line_1_36' title="bbox 0 0 1315 3980; baseline 0 0"><span class='ocrx_word' id='word_1_276' title='bbox 0 0 1315 3980; x_wconf 95' lang='lat' dir='ltr'> </span> 
     </span>
    </p>
   </div>
  </div>
 </body>
</html>
