2610 3980
341 197 602 255 nersuonnaun
619 197 667 254 lv.
687 204 729 253 ιι.
750 205 792 254 ra.
983 197 1048 262 113

108 341 220 424 quidem
248 340 432 408 litterarum
462 343 619 409 usitatum
650 343 802 408 ueniebat
831 343 867 407 in
893 345 1048 427 mentem3

107 451 191 495 unam
208 433 293 496 enim
310 436 436 516 partem
454 436 488 496 et
509 431 775 506 consuetudinem
797 453 908 496 aarum
930 433 1047 516 episto·

107 519 204 604 bruni,
221 521 338 605 quibus
357 520 505 586 secundis
522 521 620 585 rebus
636 521 686 586 uti
706 520 898 602 solebamus,
919 523 1048 606 tempus

106 607 253 691 eripuerat
269 609 514 694 perfeceratque
536 608 689 693 fortuna,
709 630 752 673 ne
779 608 857 693 quid
882 609 949 672 tals
972 610 1047 673 seri-

106 694 168 760 bere
196 719 326 782 possem
357 700 415 762 aut
450 698 581 763 omnino
614 699 770 782 cogitare:
806 697 1049 780 relinquebatur

106 783 183 850 triste
205 786 368 870 quoddam
391 788 424 850 et
445 787 598 850 miserum
621 789 654 851 et
675 786 727 851 his
749 785 950 870 temporibus
974 807 1048 851 eon-

105 876 281 940 sentaneum
309 895 412 960 genus
439 875 632 958 litterarum3
663 874 696 939 id
724 896 850 958 quoque
880 874 1050 940 definiebat

104 980 157 1045 me,
181 963 216 1027 in
240 985 305 1047 quo
328 962 467 1028 debebat
488 985 558 1028 esse
581 967 639 1028 aut
659 963 831 1048 promissio
859 963 970 1028 auxilii
993 963 1049 1028 ali·

104 1050 181 1116 euius
207 1056 267 1116 aut
293 1053 471 1118 consolatio
497 1053 619 1118 'doloris
645 1051 704 1116 tui.
753 1050 846 1126 Quod
873 1051 1049 1136 pollicerer,

104 1157 161 1202 non
180 1144 264 1223 erat,
286 1141 356 1224 ipse
380 1141 466 1205 enim
487 1141 560 1225 pari
580 1140 715 1206 fortuna
742 1139 885 1204 abiectus
913 1139 1050 1204 aliorum

104 1227 204 1310 opibus
236 1250 332 1294 casus
363 1251 452 1294 meos
484 1229 708 1295 sustentabam
744 1228 935 1330 saepiusque
970 1227 1050 1292 mihi

103 1316 274 1382 ueniebat
263 1339 299 1381 m
321 1321 464 1382 mentem
486 1318 586 1402 queri,
608 1316 694 1402 quod
716 1317 764 1381 ita
780 1317 930 1401 viverem,
953 1337 1050 1400 quam

103 1405 244 1502 gaudere,
269 1406 356 1489 quod
378 1407 531 1489 viverem,
559 1427 755 1508 quamquam
776 1405 864 1470 enim
886 1367 977 1470 milla
998 1419 1085 1469 mea

102 1491 196 1574 ipsum
227 1495 382 1579 privatim
407 1495 572 1579 pepulit
563 1495 702 1596 insignis
733 1493 852 1559 iniuria
883 1514 943 1558 neo
970 1493 1050 1558 mihi

102 1581 269 1668 quidquam
298 1583 358 1647 teli
388 1584 574 1667 tempore
565 1605 601 1647 ιιι
632 1585 774 1647 mentem
805 1582 895 1646 venit
929 1585 1050 1667 optare,

102 1671 177 1751 quod
198 1693 270 1738 non
291 1672 378 1736 ultro
398 1672 478 1736 milri
497 1669 616 1736 ansar
634 1671 793 1757 detulerit,
814 1675 925 1735 tamen
947 1671 1050 1736 nihilo

102 1757 197 1824 minus
224 1760 273 1824 eis
297 1759 449 1826 conficior
471 1760 568 1845 euris,
590 1763 629 1825 ut
648 1760 769 1844 ipsum,
791 1759 879 1844 quod
901 1779 1051 1824 maneam

101 1845 233 1933 invita,
262 1869 395 1932 peecare
422 1870 474 1913 me
501 1849 694 1933 existimem,
722 1869 814 1913 careo
843 1848 929 1912 enim
951 1869 1051 1932 quum

101 1901 353 2002 familiarissimis
376 1937 502 2022 multis,
524 1959 604 2022 quos
628 1941 684 2002 aut
706 1958 793 2003 mors
816 1937 934 2020 eripuit
919 1936 1050 2001 ntobis

102 2027 150 2088 aut
174 2025 327 2090 distraxit
353 2025 446 2111 fuga,
475 2030 547 2091 tum
579 2026 728 2091 omnibus
759 2025 883 2109 amicis,
915 2044 1052 2108 quorum

101 2108 297 2180 benevolent'
272 2117 352 2178 tram
378 2114 474 2180 nobis
505 2115 694 2180 eoneiliarat
723 2134 782 2198 per
807 2133 859 2176 me
887 2110 1052 2196 quondam

100 2201 240 2268 tesoaio
269 2202 403 2267 defensa
431 2223 482 2267 res
505 2203 648 2287 publiea,
678 2222 851 2285 versorque
882 2201 918 2265 in
941 2221 1052 2265 eorum

100 2290 274 2378 naufragiis
297 2294 330 2355 et
351 2292 511 2357 bonorum
534 2291 777 2376 direptionibus,
798 2310 859 2354 nee
882 2289 978 2354 audio
1002 2310 1051 2354 so·

100 2376 171 2464 lum,
198 2379 325 2464 quod
315 2402 423 2464 rpsum
445 2383 530 2446 esset
551 2381 735 2465 miserum,
746 2380 802 2445 sed
829 2379 927 2444 etiam
949 2378 1052 2462 video,

101 2485 156 2548 quo
181 2469 269 2532 nihil
299 2472 348 2532 est
380 2469 538 2554 acerbius,
570 2490 682 2534 eorum
712 2469 861 2535 fortunas
893 2467 1052 2552 dissipari,

100 2555 208 2636 quibus
238 2577 300 2623 nos
332 2556 411 2622 olim
442 2557 644 2624 adiutoribus
674 2557 755 2622 illud
785 2557 971 2622 incendium
1001 2577 1051 2620 ex·

100 2643 275 2731 stinnimus,
298 2645 397 2729 et,1n
420 2667 483 2748 que
501 2646 580 2711 urbe
599 2646 695 2711 modo
714 2649 788 2732 grat
788 2646 829 2730 ia,
851 2666 912 2710 auo
911 2645 1052 2729 toritate,

99 2731 196 2813 gloria
228 2733 411 2818 floruimus,
441 2735 477 2798 in
504 2757 542 2800 ea
568 2756 656 2800 nune
682 2734 722 2798 iis
750 2733 879 2818 quidem
901 2695 1052 2799 omnibus,

100 2838 253 2906 caremus,
282 2784 501 2888 obtinemus
491 2824 593 2907 ipsius
620 2821 766 2888 Caesaris
793 2842 952 2888 summam
974 2843 1052 2908 erga

98 2927 153 2973 nos
174 2910 422 2994 humanitatem,
445 2911 500 2976 sed
519 2933 558 2992 ea
575 2912 648 2996 plus
666 2921 736 2977 non
752 2914 861 2996 potest
883 2932 980 2996 quam
1002 2911 1051 2975 ris

100 2998 128 3059 et
147 2999 287 3063 mutatio
307 2999 452 3064 omnium
469 3021 577 3065 rerum
596 3003 692 3084 atque
710 3004 901 3085 temporum.
937 2998 1050 3083 Itaque
1069 3019 1086 3070 a

99 3083 238 3152 orbus'
214 3109 256 3151 ns
283 3088 379 3153 rebus
407 3089 570 3174 omnibus,
597 3089 769 3174 quibuset
754 3093 913 3155 tnatura
938 3108 990 3153 me
1018 3090 1051 3151 et

163 3330 219 3402 Ep
241 3338 319 3400 13‚2
356 3338 446 3388 tooure
459 3335 546 3390 uitale
564 3335 656 3389 miuus
674 3336 711 3390 eis
730 3335 801 3403 (edd
816 3335 904 3405 vett..)
940 3333 1051 3388 toilu'l
1121 3355 1123 3358 ·
1243 3350 1246 3353 ·

100 3399 187 3456 canu
232 3375 487 3474 aniensium?
531 3406 889 3462 t.uoamtileisB.-
853 3405 1050 3473 -ats'perua

100 3467 183 3596 ἔξω
201 3478 236 3612 eqd
247 3475 390 3616 MrdBipsam
408 3474 452 3546 Or.
473 3475 554 3546 oonJ',
573 3476 656 3530 Β.-
679 3493 754 3532 aune
771 3478 849 3546 iisq.
869 3475 941 3544 (edd.
960 3477 1050 3544 vett..)
1134 3512 1138 3519 -

149 3629 231 3674 oraro
231 3633 374 3682 1111th
850 3616 867 3666 8
