2578 3982
244 223 502 281 EPISTOLARUM
519 223 569 280 AD
589 223 620 290 Q.
639 221 814 278 FRATREM
832 224 865 278 II.
887 227 928 277 13.
999 219 1065 284 613

113 370 152 435 de
170 373 264 435 noete
283 369 479 455 vigilassent,
497 369 695 453 perveniant,
714 390 777 453 quo
795 368 908 432 velint:
932 366 978 432 sio
996 388 1065 452 ego,

113 459 267 542 quoniam
288 457 323 522 in
345 457 408 522 isto
430 457 561 522 homine
580 456 712 522 colendo
731 460 799 521 tam
821 455 992 520 indormivi
1011 455 1065 519 diu

7 604 16 619 ,
112 550 145 610 te
168 545 348 610 mehercule
376 566 471 628 saepe
499 545 671 629 excitante,
698 565 792 610 eursu
820 543 979 628 corrigam
1001 545 1065 607 tar-

114 633 248 698 ditatem
280 654 377 716 quum
409 633 512 716 equis,
542 636 612 696 tum
640 654 716 698 vero
740 667 782 678 -
810 632 963 715 quoniam
986 631 1006 708 †
1029 634 1066 695 ut

7 727 10 778 ἰ
115 721 228 786 scribis
248 726 364 805 poe'ma
386 721 427 784 ab
449 742 488 786 eo
510 724 657 786 nostrum
683 719 813 804 probari
835 755 878 767 -
901 719 1065 804 quadrigis

7 849 20 891 ς
114 808 260 893 politicis:
282 809 378 874 modo
397 808 477 873 mihi
495 808 569 875 date
582 807 793 891 Britanniam,
816 811 913 892 q'uam
931 807 1065 892 pingam

7 949 20 980 ᾗ,
115 897 274 963 coloribus
297 897 371 981 tuis,
392 897 542 981 penicillo
565 917 646 962 meo.
688 895 750 962 sed
773 896 849 980 quid
872 894 956 981 ago?
980 894 1065 979 quod

7 1031 20 1070 Ξ,
114 986 194 1051 mihi
215 989 357 1070 tempus,
378 984 501 1051 Romae
523 985 724 1070 praesertim,
747 988 784 1049 ut
805 985 866 1048 iste
889 1005 940 1048 me
963 987 1066 1068 rogat,

7 1131 9 1160 =
114 1074 272 1154 manenti,
299 1093 437 1139 vaenum
465 1072 666 1139 ostenditur?
696 1071 752 1138 sed
778 1072 901 1155 vider03
928 1071 1066 1136 fortasse

7 1207 17 1250 ς
114 1163 215 1246 enim,
241 1165 279 1228 ut
300 1162 351 1246 fit,
379 1162 487 1228 vincet
506 1165 582 1227 tuus
606 1183 696 1226 amor
718 1181 829 1226 omnes
852 1159 1066 1224 difficultates.

114 1249 301 1316 Trebatium
323 1250 409 1335 quod
432 1249 472 1316 ad
496 1271 529 1315 se
552 1250 706 1333 miserim,
732 1249 873 1333 persalse
900 1251 935 1312 et
954 1247 1093 1314 huma-s

114 1339 198 1403 niter
220 1339 318 1404 etiam
341 1338 462 1424 gratias
484 1337 565 1404 mihi
588 1339 668 1423 agit3
690 1340 791 1423 negat
813 1337 899 1402 enim
921 1336 957 1400 in
973 1339 1067 1400 tanta
1190 1338 1192 1341 ’
1280 1331 1281 1334 ’

114 1427 318 1492 multitudine
333 1447 453 1511 eorum,
470 1427 526 1511 qui
539 1447 605 1490 una
619 1429 735 1509 essent,
753 1445 945 1510 quemquam
958 1423 1068 1509 fuisse,

114 1515 169 1599 qui
195 1515 413 1580 vadimonium
440 1515 606 1599 concipere
632 1517 751 1598 posset.
800 1512 843 1578 M.
871 1510 983 1578 Curtio
1010 1511 1066 1576 tri·

7 1607 9 1664 ζ
113 1603 271 1670 bunatum
294 1604 335 1669 ab
358 1623 397 1669 eo
420 1604 520 1688 petivi
533 1637 575 1652 -··
589 1623 666 1668 nam
687 1602 850 1667 Domitius
874 1623 907 1666 se
931 1600 1067 1666 derideri

7 1691 17 1758 2
113 1695 269 1774 putasset,
291 1692 319 1755 si
342 1695 427 1756 esset
449 1713 467 1755 a
489 1712 541 1754 me
563 1694 710 1776 rogatum
731 1690 794 1754 hoo
817 1689 903 1754 enim
926 1691 976 1754 est
998 1689 1068 1757 eius

114 1777 350 1862 quotidianum,
378 1799 412 1843 se
438 1798 479 1842 ne
506 1778 673 1843 tribunum
699 1777 837 1841 militum
865 1777 993 1860 quidem
1019 1763 1069 1840 fa?

7 1866 16 1880 '
115 1886 197 1930 cere:
226 1867 322 1930 etiam
349 1866 384 1930 in
407 1868 521 1930 senatu
543 1865 621 1929 lusit
641 1863 784 1948 Appium
812 1865 968 1949 collegam
995 1885 1066 1947 pro-

7 1951 15 2040 ζ
114 1957 225 2038 pterea
256 1955 320 2020 isse
352 1954 392 2019 ad
420 1951 602 2037 Gaesarem,
632 1956 670 2018 ut
701 1952 839 2036 aliquem
865 1952 1065 2016 tribunatum

7 2045 15 2130 ζ
115 2043 257 2108 auferret
278 2077 335 2127 -,
362 2041 475 2107 sedin
498 2042 634 2106 alterum
661 2062 795 2106 annum:
821 2039 856 2105 id
883 2043 916 2105 et
938 2037 1068 2105 Curtius

7 2137 13 2148 '
114 2130 161 2195 ita
189 2130 327 2196 volebat.
372 2129 435 2213 Ta,
464 2129 731 2213 quemadmodum
757 2151 808 2193 me
836 2149 945 2194 censes
974 2149 1094 2212 opor-r

7 2225 13 2295 j
114 2222 181 2283 tere
205 2239 275 2284 esse
297 2221 331 2282 et
351 2217 386 2283 in
408 2239 443 2282 re
465 2217 594 2302 publiea
621 2221 655 2281 et
679 2218 716 2282 in
737 2217 857 2283 nostris
883 2217 1068 2299 inimicitiis,

7 2313 12 2390 ζ
114 2305 162 2371 ita
184 2310 218 2371 et
239 2327 308 2372 esse
331 2309 363 2371 et
385 2306 455 2372 fore
478 2306 621 2372 auricula
643 2305 755 2370 infima
777 2305 858 2371 seito
880 2305 1067 2369 molliorem.
1096 2375 1098 2382 ¹

7 2395 12 2413 ¹
113 2391 177 2458 Res
200 2393 366 2460 Romanae
389 2415 423 2460 se
446 2395 492 2460 sio
514 2394 693 2460 habebant:
723 2397 792 2459 erat
814 2393 971 2460 nonnulla
993 2412 1093 2476 spese

114 2483 326 2568 comitiorum,
348 2482 403 2548 sed
416 2483 561 2566 ‘ineerta3
584 2485 654 2548 erat
676 2482 784 2567 aliqua
806 2481 944 2566 suspicio
968 2479 1065 2546 diota·

7 2569 11 2646 f
113 2573 214 2654 turae,
236 2591 277 2636 ne
300 2592 339 2635 ea
361 2571 489 2656 quidem
512 2574 608 2655 certa,
631 2591 789 2635 summum
807 2570 909 2634 otium
929 2568 1069 2654 forense,

7 2655 10 2734 ἶ
115 2657 170 2721 sed
194 2661 389 2724 senescentis
412 2660 516 2744 magis
540 2659 678 2724 civitatis
708 2679 804 2741 quam
827 2656 1067 2740 acquiescentis,

7 2759 8 2832 ζ
114 2747 275 2812 sententia
298 2750 406 2812 autem
432 2750 544 2811 nostra
566 2747 602 2810 in
625 2747 739 2810 senatu
767 2743 935 2827 eiusmodi,
962 2745 1067 2830 magis
1137 2775 1140 2780 ·
1242 2758 1243 2764 ’

7 2833 9 2856 ²
114 2837 152 2898 ut
175 2835 230 2900 alii
252 2834 346 2899 nobis
370 2834 588 2899 assentiantur
611 2854 707 2916 quam
729 2834 857 2896 nosmet
878 2831 949 2916 ipsi.

218 2951 360 3022 Toeueld’
387 2951 405 3021 ὁ
428 2951 562 3040 τλήμων
583 2950 726 3038 πόλεμος
748 2950 957 3040 ἐξεργάζεται.
1092 2971 1093 2974 ’

182 3181 205 3234 Ε
228 3223 233 3236 .
254 3187 296 3250 13,
311 3187 335 3238 2.
371 3181 469 3238 velim.-
486 3183 526 3237 aie
544 3181 619 3252 (W.).
654 3183 699 3248 a,
711 3183 751 3236 rio
768 3180 798 3234 B.
822 3211 856 3221 -
878 3182 930 3236 din
947 3185 972 3236 te
991 3180 1066 3250 (er

111 3253 149 3319 d„
167 3199 241 3307 te}
262 3283 294 3294 -
313 3269 337 3324 q.
356 3257 375 3321 †
392 3253 539 3309 atteritis
559 3251 841 3322 ...protortlllltt
878 3267 901 3321 q.
920 3266 942 3305 a.
962 3291 986 3305 ..
1001 3267 1065 3319 pro·

112 3323 175 3378 bari
193 3323 236 3392 (I.)
255 3323 305 3378 aut
322 3340 357 3393 q,
375 3328 407 3378 ut
423 3339 454 3391 a,
467 3328 567 3392 poena
641 3322 778 3391 motata
797 3321 863 3390 (W.)
886 3322 935 3375 ant
953 3337 976 3391 q.
995 3327 1027 3376 tu
1043 3337 1065 3376 a

109 3393 272 3462 ..motat
290 3391 356 3462 (On,
375 3392 425 3464 B.).
463 3401 488 3448 3.
515 3393 612 3460 faeere,
631 3397 712 3463 atque
730 3391 786 3461 (vel
804 3393 862 3462 qai)
881 3392 963 3448 diam
981 3391 1067 3461 (W.)?
