<?xml version="1.0" encoding="UTF-8"?>
<!DOCTYPE html PUBLIC "-//W3C//DTD XHTML 1.0 Transitional//EN"
    "http://www.w3.org/TR/xhtml1/DTD/xhtml1-transitional.dtd">
<html xmlns="http://www.w3.org/1999/xhtml" xml:lang="en" lang="en">
 <head>
  <title>
</title>
<meta http-equiv="Content-Type" content="text/html;charset=utf-8" />
  <meta name='ocr-system' content='tesseract 3.04.00' />
  <meta name='ocr-capabilities' content='ocr_page ocr_carea ocr_par ocr_line ocrx_word'/>
</head>
<body>
  <div class='ocr_page' id='page_1' title='image "./epistolae00wesegoog_0023.png"; bbox 0 0 2578 3978; ppageno 0'>
   <div class='ocr_carea' id='block_1_1' title="bbox 387 250 1037 318">
    <p class='ocr_par' dir='ltr' id='par_1_1' title="bbox 387 250 1037 318">
     <span class='ocr_line' id='line_1_1' title="bbox 387 250 1037 318; baseline 0 -12"><span class='ocrx_word' id='word_1_1' title='bbox 387 250 646 306; x_wconf 79' lang='lat' dir='ltr'>EPISTOLARUM</span> <span class='ocrx_word' id='word_1_2' title='bbox 665 253 685 306; x_wconf 88' lang='lat'>1.</span> <span class='ocrx_word' id='word_1_3' title='bbox 706 258 729 306; x_wconf 82' lang='grc'>7.</span> <span class='ocrx_word' id='word_1_4' title='bbox 998 253 1037 318; x_wconf 88' lang='grc'>11</span> 
     </span>
    </p>
   </div>
   <div class='ocr_carea' id='block_1_2' title="bbox 6 396 1124 3388">
    <p class='ocr_par' dir='ltr' id='par_1_2' title="bbox 6 396 1124 3388">
     <span class='ocr_line' id='line_1_2' title="bbox 87 396 1094 481; baseline 0 -19"><span class='ocrx_word' id='word_1_5' title='bbox 87 397 194 480; x_wconf 88' lang='lat' dir='ltr'>potius</span> <span class='ocrx_word' id='word_1_6' title='bbox 216 396 375 481; x_wconf 88' lang='lat' dir='ltr'>sapientia</span> <span class='ocrx_word' id='word_1_7' title='bbox 396 418 466 463; x_wconf 92' lang='lat' dir='ltr'>non</span> <span class='ocrx_word' id='word_1_8' title='bbox 487 396 627 462; x_wconf 88' lang='lat' dir='ltr'>iucunda</span> <span class='ocrx_word' id='word_1_9' title='bbox 650 397 763 481; x_wconf 88' lang='lat' dir='ltr'>solum,</span> <span class='ocrx_word' id='word_1_10' title='bbox 786 397 842 462; x_wconf 91' lang='lat' dir='ltr'>sed</span> <span class='ocrx_word' id='word_1_11' title='bbox 865 398 962 462; x_wconf 84' lang='lat' dir='ltr'>etiem</span> <span class='ocrx_word' id='word_1_12' title='bbox 985 399 1039 462; x_wconf 87' lang='lat' dir='ltr'>ad·</span> <span class='ocrx_word' id='word_1_13' title='bbox 1093 457 1094 462; x_wconf 73' lang='grc'>,</span> 
     </span>
     <span class='ocr_line' id='line_1_3' title="bbox 88 484 1040 569; baseline 0.004 -21"><span class='ocrx_word' id='word_1_14' title='bbox 88 484 239 548; x_wconf 87' lang='lat' dir='ltr'>mirabilis</span> <span class='ocrx_word' id='word_1_15' title='bbox 262 485 332 548; x_wconf 81' lang='lat' dir='ltr'>visa</span> <span class='ocrx_word' id='word_1_16' title='bbox 355 487 417 569; x_wconf 82' lang='lat' dir='ltr'>est3</span> <span class='ocrx_word' id='word_1_17' title='bbox 444 485 549 550; x_wconf 87' lang='lat' dir='ltr'>virum</span> <span class='ocrx_word' id='word_1_18' title='bbox 577 487 662 550; x_wconf 92' lang='lat' dir='ltr'>enim</span> <span class='ocrx_word' id='word_1_19' title='bbox 690 485 897 551; x_wconf 76' lang='lat' dir='ltr'>excellentem</span> <span class='ocrx_word' id='word_1_20' title='bbox 924 489 958 550; x_wconf 91' lang='lat' dir='ltr'>et</span> <span class='ocrx_word' id='word_1_21' title='bbox 979 487 1040 552; x_wconf 91' lang='lat' dir='ltr'>tibi</span> 
     </span>
     <span class='ocr_line' id='line_1_4' title="bbox 6 573 1124 658; baseline 0.005 -23"><span class='ocrx_word' id='word_1_22' title='bbox 6 581 8 602; x_wconf 73' lang='lat'><em>&#39;</em></span> <span class='ocrx_word' id='word_1_23' title='bbox 87 575 144 636; x_wconf 81' lang='lat' dir='ltr'>tue</span> <span class='ocrx_word' id='word_1_24' title='bbox 164 573 342 657; x_wconf 74' lang='lat' dir='ltr'>praestanti</span> <span class='ocrx_word' id='word_1_25' title='bbox 368 573 404 638; x_wconf 90' lang='lat' dir='ltr'>in</span> <span class='ocrx_word' id='word_1_26' title='bbox 431 595 504 637; x_wconf 89' lang='lat' dir='ltr'>eum</span> <span class='ocrx_word' id='word_1_27' title='bbox 530 574 724 658; x_wconf 80' lang='lat' dir='ltr'>liberalitate</span> <span class='ocrx_word' id='word_1_28' title='bbox 751 574 935 639; x_wconf 88' lang='lat' dir='ltr'>devinctum</span> <span class='ocrx_word' id='word_1_29' title='bbox 958 596 1039 640; x_wconf 92' lang='lat' dir='ltr'>non·</span> <span class='ocrx_word' id='word_1_30' title='bbox 1122 594 1124 596; x_wconf 81' lang='grc'><strong><em>·</em></strong></span> 
     </span>
     <span class='ocr_line' id='line_1_5' title="bbox 6 660 1039 747; baseline 0.005 -24"><span class='ocrx_word' id='word_1_31' title='bbox 6 671 8 686; x_wconf 78' lang='grc'>’</span> <span class='ocrx_word' id='word_1_32' title='bbox 87 660 167 724; x_wconf 90' lang='lat' dir='ltr'>nihil</span> <span class='ocrx_word' id='word_1_33' title='bbox 180 661 398 745; x_wconf 89' lang='lat' dir='ltr'>suspicantem</span> <span class='ocrx_word' id='word_1_34' title='bbox 412 663 544 745; x_wconf 89' lang='lat' dir='ltr'>propter</span> <span class='ocrx_word' id='word_1_35' title='bbox 564 662 746 745; x_wconf 81' lang='lat' dir='ltr'>aliquorum</span> <span class='ocrx_word' id='word_1_36' title='bbox 763 663 949 747; x_wconf 89' lang='lat' dir='ltr'>opinionem</span> <span class='ocrx_word' id='word_1_37' title='bbox 963 685 1039 728; x_wconf 88' lang='lat' dir='ltr'>suae</span> 
     </span>
     <span class='ocr_line' id='line_1_6' title="bbox 88 749 1039 835; baseline 0.003 -23"><span class='ocrx_word' id='word_1_38' title='bbox 88 749 269 833; x_wconf 79' lang='lat' dir='ltr'>cupiditatis</span> <span class='ocrx_word' id='word_1_39' title='bbox 295 753 329 813; x_wconf 89' lang='lat' dir='ltr'>te</span> <span class='ocrx_word' id='word_1_40' title='bbox 353 749 394 814; x_wconf 86' lang='lat' dir='ltr'>ab</span> <span class='ocrx_word' id='word_1_41' title='bbox 422 771 456 814; x_wconf 91' lang='lat' dir='ltr'>se</span> <span class='ocrx_word' id='word_1_42' title='bbox 484 749 702 814; x_wconf 86' lang='lat' dir='ltr'>abalienatum</span> <span class='ocrx_word' id='word_1_43' title='bbox 727 751 784 815; x_wconf 91' lang='lat' dir='ltr'>illa</span> <span class='ocrx_word' id='word_1_44' title='bbox 806 751 943 835; x_wconf 88' lang='lat' dir='ltr'>epistola</span> <span class='ocrx_word' id='word_1_45' title='bbox 964 752 1039 815; x_wconf 88' lang='lat' dir='ltr'>reti·</span> 
     </span>
     <span class='ocr_line' id='line_1_7' title="bbox 88 837 1040 922; baseline 0.004 -22"><span class='ocrx_word' id='word_1_46' title='bbox 88 837 199 921; x_wconf 90' lang='lat' dir='ltr'>nuisti,</span> <span class='ocrx_word' id='word_1_47' title='bbox 230 837 286 922; x_wconf 90' lang='lat' dir='ltr'>qui</span> <span class='ocrx_word' id='word_1_48' title='bbox 317 837 398 901; x_wconf 88' lang='lat' dir='ltr'>mihi</span> <span class='ocrx_word' id='word_1_49' title='bbox 426 859 525 922; x_wconf 91' lang='lat' dir='ltr'>quum</span> <span class='ocrx_word' id='word_1_50' title='bbox 556 859 682 922; x_wconf 85' lang='lat' dir='ltr'>semper</span> <span class='ocrx_word' id='word_1_51' title='bbox 712 842 787 903; x_wconf 90' lang='lat' dir='ltr'>tuae</span> <span class='ocrx_word' id='word_1_52' title='bbox 816 839 905 903; x_wconf 87' lang='lat' dir='ltr'>laudi</span> <span class='ocrx_word' id='word_1_53' title='bbox 931 839 1040 904; x_wconf 88' lang='lat' dir='ltr'>favere</span> 
     </span>
     <span class='ocr_line' id='line_1_8' title="bbox 87 925 1039 1012; baseline 0.003 -23"><span class='ocrx_word' id='word_1_54' title='bbox 87 925 171 990; x_wconf 87' lang='lat' dir='ltr'>uisus</span> <span class='ocrx_word' id='word_1_55' title='bbox 193 929 252 1010; x_wconf 83' lang='lat' dir='ltr'>est,</span> <span class='ocrx_word' id='word_1_56' title='bbox 275 926 374 990; x_wconf 84' lang='lat' dir='ltr'>etiem</span> <span class='ocrx_word' id='word_1_57' title='bbox 395 926 466 1010; x_wconf 91' lang='lat' dir='ltr'>ipso</span> <span class='ocrx_word' id='word_1_58' title='bbox 490 927 755 1011; x_wconf 83' lang='lat' dir='ltr'>suspiciosissimo</span> <span class='ocrx_word' id='word_1_59' title='bbox 778 930 922 1012; x_wconf 86' lang='lat' dir='ltr'>tempore</span> <span class='ocrx_word' id='word_1_60' title='bbox 946 925 1039 992; x_wconf 80' lang='lat' dir='ltr'>Cani·</span> 
     </span>
     <span class='ocr_line' id='line_1_9' title="bbox 87 1014 1040 1100; baseline 0.004 -24"><span class='ocrx_word' id='word_1_61' title='bbox 87 1014 192 1098; x_wconf 86' lang='lat' dir='ltr'>niano,</span> <span class='ocrx_word' id='word_1_62' title='bbox 213 1017 285 1079; x_wconf 90' lang='lat' dir='ltr'>tum</span> <span class='ocrx_word' id='word_1_63' title='bbox 308 1035 383 1080; x_wconf 87' lang='lat' dir='ltr'>vero</span> <span class='ocrx_word' id='word_1_64' title='bbox 406 1015 497 1078; x_wconf 90' lang='lat' dir='ltr'>lectis</span> <span class='ocrx_word' id='word_1_65' title='bbox 519 1015 585 1081; x_wconf 90' lang='lat' dir='ltr'>tuis</span> <span class='ocrx_word' id='word_1_66' title='bbox 606 1015 722 1080; x_wconf 79' lang='lat' dir='ltr'>litteris</span> <span class='ocrx_word' id='word_1_67' title='bbox 741 1018 926 1100; x_wconf 89' lang='lat' dir='ltr'>perspectus</span> <span class='ocrx_word' id='word_1_68' title='bbox 948 1019 999 1081; x_wconf 91' lang='lat' dir='ltr'>est</span> <span class='ocrx_word' id='word_1_69' title='bbox 1021 1037 1040 1080; x_wconf 85' lang='lat' dir='ltr'>a</span> 
     </span>
     <span class='ocr_line' id='line_1_10' title="bbox 87 1102 1039 1170; baseline 0.003 -5"><span class='ocrx_word' id='word_1_70' title='bbox 87 1123 135 1166; x_wconf 90' lang='lat' dir='ltr'>me</span> <span class='ocrx_word' id='word_1_71' title='bbox 157 1105 228 1168; x_wconf 83' lang='lat' dir='ltr'>toto</span> <span class='ocrx_word' id='word_1_72' title='bbox 250 1102 361 1168; x_wconf 80' lang='lat' dir='ltr'>animo</span> <span class='ocrx_word' id='word_1_73' title='bbox 384 1102 473 1167; x_wconf 89' lang='lat' dir='ltr'>dete</span> <span class='ocrx_word' id='word_1_74' title='bbox 492 1124 529 1168; x_wconf 87' lang='lat' dir='ltr'>ac</span> <span class='ocrx_word' id='word_1_75' title='bbox 548 1103 587 1167; x_wconf 93' lang='lat' dir='ltr'>de</span> <span class='ocrx_word' id='word_1_76' title='bbox 605 1103 670 1167; x_wconf 88' lang='lat' dir='ltr'>tuis</span> <span class='ocrx_word' id='word_1_77' title='bbox 690 1105 887 1169; x_wconf 88' lang='lat' dir='ltr'>ornamentis</span> <span class='ocrx_word' id='word_1_78' title='bbox 906 1108 938 1168; x_wconf 90' lang='lat' dir='ltr'>et</span> <span class='ocrx_word' id='word_1_79' title='bbox 955 1126 1039 1170; x_wconf 91' lang='lat' dir='ltr'>com·</span> 
     </span>
     <span class='ocr_line' id='line_1_11' title="bbox 86 1188 1076 1276; baseline 0 -22"><span class='ocrx_word' id='word_1_80' title='bbox 86 1190 187 1256; x_wconf 89' lang='lat' dir='ltr'>modis</span> <span class='ocrx_word' id='word_1_81' title='bbox 205 1191 358 1276; x_wconf 78' lang='lat' dir='ltr'>cogitare.</span> <span class='ocrx_word' id='word_1_82' title='bbox 395 1189 500 1266; x_wconf 81' lang='lat' dir='ltr'>Quare</span> <span class='ocrx_word' id='word_1_83' title='bbox 518 1212 565 1276; x_wconf 84' lang='lat' dir='ltr'>eu,</span> <span class='ocrx_word' id='word_1_84' title='bbox 584 1212 665 1275; x_wconf 88' lang='lat' dir='ltr'>quae</span> <span class='ocrx_word' id='word_1_85' title='bbox 684 1191 831 1276; x_wconf 87' lang='lat' dir='ltr'>scribam,</span> <span class='ocrx_word' id='word_1_86' title='bbox 849 1188 895 1256; x_wconf 87' lang='lat' dir='ltr'>s&#39;ie</span> <span class='ocrx_word' id='word_1_87' title='bbox 912 1192 1076 1276; x_wconf 64' lang='lat' dir='ltr'>habetur</span> 
     </span>
     <span class='ocr_line' id='line_1_12' title="bbox 87 1279 1041 1363; baseline 0.003 -21"><span class='ocrx_word' id='word_1_88' title='bbox 87 1299 136 1343; x_wconf 90' lang='lat' dir='ltr'>me</span> <span class='ocrx_word' id='word_1_89' title='bbox 159 1301 233 1344; x_wconf 89' lang='lat' dir='ltr'>curn</span> <span class='ocrx_word' id='word_1_90' title='bbox 254 1279 311 1345; x_wconf 91' lang='lat' dir='ltr'>illo</span> <span class='ocrx_word' id='word_1_91' title='bbox 333 1301 369 1344; x_wconf 90' lang='lat' dir='ltr'>re</span> <span class='ocrx_word' id='word_1_92' title='bbox 392 1300 487 1363; x_wconf 87' lang='lat' dir='ltr'>saepe</span> <span class='ocrx_word' id='word_1_93' title='bbox 510 1280 746 1345; x_wconf 81' lang='lat' dir='ltr'>communicatu</span> <span class='ocrx_word' id='word_1_94' title='bbox 774 1279 822 1344; x_wconf 92' lang='lat' dir='ltr'>de·</span> <span class='ocrx_word' id='word_1_95' title='bbox 835 1279 921 1345; x_wconf 90' lang='lat' dir='ltr'>illius</span> <span class='ocrx_word' id='word_1_96' title='bbox 945 1281 986 1345; x_wconf 90' lang='lat' dir='ltr'>ad</span> <span class='ocrx_word' id='word_1_97' title='bbox 1007 1283 1041 1346; x_wconf 91' lang='lat' dir='ltr'>te</span> 
     </span>
     <span class='ocr_line' id='line_1_13' title="bbox 87 1367 1040 1453; baseline 0.004 -24"><span class='ocrx_word' id='word_1_98' title='bbox 87 1367 247 1432; x_wconf 85' lang='lat' dir='ltr'>sententia</span> <span class='ocrx_word' id='word_1_99' title='bbox 270 1370 366 1451; x_wconf 88' lang='lat' dir='ltr'>atque</span> <span class='ocrx_word' id='word_1_100' title='bbox 389 1368 580 1433; x_wconf 83' lang='lat' dir='ltr'>auctoritate</span> <span class='ocrx_word' id='word_1_101' title='bbox 601 1369 751 1434; x_wconf 86' lang='lat' dir='ltr'>scribere:</span> <span class='ocrx_word' id='word_1_102' title='bbox 775 1369 927 1453; x_wconf 86' lang='lat' dir='ltr'>quoniam</span> <span class='ocrx_word' id='word_1_103' title='bbox 949 1377 1040 1434; x_wconf 77' lang='lat' dir='ltr'>&#39;sene-</span> 
     </span>
     <span class='ocr_line' id='line_1_14' title="bbox 86 1456 1040 1543; baseline 0.003 -24"><span class='ocrx_word' id='word_1_104' title='bbox 86 1458 137 1519; x_wconf 85' lang='lat' dir='ltr'>tus</span> <span class='ocrx_word' id='word_1_105' title='bbox 168 1456 353 1521; x_wconf 86' lang='lat' dir='ltr'>consultum</span> <span class='ocrx_word' id='word_1_106' title='bbox 383 1456 510 1520; x_wconf 94' lang='lat' dir='ltr'>nullum</span> <span class='ocrx_word' id='word_1_107' title='bbox 542 1460 659 1541; x_wconf 85' lang='lat' dir='ltr'>exstat,</span> <span class='ocrx_word' id='word_1_108' title='bbox 692 1477 755 1540; x_wconf 92' lang='lat' dir='ltr'>quo</span> <span class='ocrx_word' id='word_1_109' title='bbox 782 1456 925 1522; x_wconf 89' lang='lat' dir='ltr'>reductio</span> <span class='ocrx_word' id='word_1_110' title='bbox 954 1459 1040 1543; x_wconf 84' lang='lat' dir='ltr'>regis</span> 
     </span>
     <span class='ocr_line' id='line_1_15' title="bbox 88 1541 1041 1630; baseline 0.004 -24"><span class='ocrx_word' id='word_1_111' title='bbox 88 1541 296 1608; x_wconf 83' lang='lat' dir='ltr'>Alexandrini</span> <span class='ocrx_word' id='word_1_112' title='bbox 322 1543 383 1608; x_wconf 88' lang='lat' dir='ltr'>tibi</span> <span class='ocrx_word' id='word_1_113' title='bbox 416 1544 566 1628; x_wconf 81' lang='lat' dir='ltr'>adempta</span> <span class='ocrx_word' id='word_1_114' title='bbox 593 1545 648 1630; x_wconf 90' lang='lat' dir='ltr'>sit,</span> <span class='ocrx_word' id='word_1_115' title='bbox 679 1545 793 1629; x_wconf 87' lang='lat' dir='ltr'>eaque,</span> <span class='ocrx_word' id='word_1_116' title='bbox 825 1566 907 1629; x_wconf 91' lang='lat' dir='ltr'>quae</span> <span class='ocrx_word' id='word_1_117' title='bbox 936 1544 975 1609; x_wconf 92' lang='lat' dir='ltr'>de</span> <span class='ocrx_word' id='word_1_118' title='bbox 1003 1567 1041 1610; x_wconf 86' lang='lat' dir='ltr'>ea</span> 
     </span>
     <span class='ocr_line' id='line_1_16' title="bbox 88 1629 1041 1718; baseline 0.003 -23"><span class='ocrx_word' id='word_1_119' title='bbox 88 1632 266 1717; x_wconf 85' lang='lat' dir='ltr'>perscripta</span> <span class='ocrx_word' id='word_1_120' title='bbox 289 1634 338 1696; x_wconf 89' lang='lat' dir='ltr'>est</span> <span class='ocrx_word' id='word_1_121' title='bbox 360 1632 548 1716; x_wconf 83' lang='lat' dir='ltr'>auotoritas,</span> <span class='ocrx_word' id='word_1_122' title='bbox 571 1634 623 1698; x_wconf 90' lang='lat' dir='ltr'>cui</span> <span class='ocrx_word' id='word_1_123' title='bbox 646 1633 708 1697; x_wconf 88' lang='lat' dir='ltr'>scis</span> <span class='ocrx_word' id='word_1_124' title='bbox 730 1629 940 1698; x_wconf 73' lang='lat' dir='ltr'>intercessum</span> <span class='ocrx_word' id='word_1_125' title='bbox 963 1655 1041 1718; x_wconf 89' lang='lat' dir='ltr'>esse,</span> 
     </span>
     <span class='ocr_line' id='line_1_17' title="bbox 87 1720 1042 1806; baseline 0.003 -23"><span class='ocrx_word' id='word_1_126' title='bbox 87 1723 122 1782; x_wconf 90' lang='lat' dir='ltr'>ut</span> <span class='ocrx_word' id='word_1_127' title='bbox 148 1741 190 1784; x_wconf 90' lang='lat' dir='ltr'>ne</span> <span class='ocrx_word' id='word_1_128' title='bbox 218 1720 290 1804; x_wconf 90' lang='lat' dir='ltr'>quis</span> <span class='ocrx_word' id='word_1_129' title='bbox 318 1721 450 1785; x_wconf 88' lang='lat' dir='ltr'>omnino</span> <span class='ocrx_word' id='word_1_130' title='bbox 476 1741 587 1806; x_wconf 85' lang='lat' dir='ltr'>regem</span> <span class='ocrx_word' id='word_1_131' title='bbox 613 1721 791 1805; x_wconf 83' lang='lat' dir='ltr'>reduceret,</span> <span class='ocrx_word' id='word_1_132' title='bbox 821 1725 947 1786; x_wconf 83' lang='lat' dir='ltr'>tantem</span> <span class='ocrx_word' id='word_1_133' title='bbox 975 1722 1042 1786; x_wconf 82' lang='lat' dir='ltr'>vim</span> 
     </span>
     <span class='ocr_line' id='line_1_18' title="bbox 87 1806 1042 1893; baseline 0.001 -22"><span class='ocrx_word' id='word_1_134' title='bbox 87 1806 193 1891; x_wconf 86' lang='lat' dir='ltr'>habet,</span> <span class='ocrx_word' id='word_1_135' title='bbox 215 1811 253 1872; x_wconf 91' lang='lat' dir='ltr'>ut</span> <span class='ocrx_word' id='word_1_136' title='bbox 275 1807 379 1892; x_wconf 77' lang='lat' dir='ltr'>magis</span> <span class='ocrx_word' id='word_1_137' title='bbox 406 1808 562 1873; x_wconf 86' lang='lat' dir='ltr'>iratorum</span> <span class='ocrx_word' id='word_1_138' title='bbox 588 1809 757 1874; x_wconf 91' lang='lat' dir='ltr'>hominum</span> <span class='ocrx_word' id='word_1_139' title='bbox 780 1809 922 1874; x_wconf 86' lang='lat' dir='ltr'>studium</span> <span class='ocrx_word' id='word_1_140' title='bbox 945 1830 1042 1893; x_wconf 88' lang='lat' dir='ltr'>quam</span> 
     </span>
     <span class='ocr_line' id='line_1_19' title="bbox 88 1896 1041 1982; baseline 0.001 -22"><span class='ocrx_word' id='word_1_141' title='bbox 88 1896 266 1960; x_wconf 79' lang='lat' dir='ltr'>constantis</span> <span class='ocrx_word' id='word_1_142' title='bbox 289 1898 420 1961; x_wconf 86' lang='lat' dir='ltr'>senatus</span> <span class='ocrx_word' id='word_1_143' title='bbox 443 1896 612 1962; x_wconf 89' lang='lat' dir='ltr'>consilium</span> <span class='ocrx_word' id='word_1_144' title='bbox 635 1919 704 1962; x_wconf 90' lang='lat' dir='ltr'>esse</span> <span class='ocrx_word' id='word_1_145' title='bbox 726 1897 885 1982; x_wconf 83' lang='lat' dir='ltr'>videatur,</span> <span class='ocrx_word' id='word_1_146' title='bbox 911 1901 945 1962; x_wconf 91' lang='lat' dir='ltr'>te</span> <span class='ocrx_word' id='word_1_147' title='bbox 970 1919 1041 1982; x_wconf 92' lang='lat' dir='ltr'>per·</span> 
     </span>
     <span class='ocr_line' id='line_1_20' title="bbox 90 1981 1042 2070; baseline 0 -22"><span class='ocrx_word' id='word_1_148' title='bbox 90 1985 207 2067; x_wconf 88' lang='lat' dir='ltr'>spicere</span> <span class='ocrx_word' id='word_1_149' title='bbox 229 2005 335 2068; x_wconf 92' lang='lat' dir='ltr'>posse,</span> <span class='ocrx_word' id='word_1_150' title='bbox 358 1984 413 2068; x_wconf 91' lang='lat' dir='ltr'>qui</span> <span class='ocrx_word' id='word_1_151' title='bbox 431 1981 576 2049; x_wconf 78' lang='lat' dir='ltr'>Ciliciam</span> <span class='ocrx_word' id='word_1_152' title='bbox 596 1983 800 2070; x_wconf 77' lang='lat' dir='ltr'>Cyprumque</span> <span class='ocrx_word' id='word_1_153' title='bbox 820 1989 942 2070; x_wconf 89' lang='lat' dir='ltr'>teneas,</span> <span class='ocrx_word' id='word_1_154' title='bbox 965 1985 1042 2068; x_wconf 90' lang='lat' dir='ltr'>quid</span> 
     </span>
     <span class='ocr_line' id='line_1_21' title="bbox 89 2071 1041 2158; baseline 0.001 -23"><span class='ocrx_word' id='word_1_155' title='bbox 89 2071 211 2136; x_wconf 85' lang='lat' dir='ltr'>efficere</span> <span class='ocrx_word' id='word_1_156' title='bbox 235 2071 368 2156; x_wconf 88' lang='lat' dir='ltr'>etquid</span> <span class='ocrx_word' id='word_1_157' title='bbox 390 2073 542 2156; x_wconf 89' lang='lat' dir='ltr'>consequi</span> <span class='ocrx_word' id='word_1_158' title='bbox 564 2075 684 2158; x_wconf 89' lang='lat' dir='ltr'>possis,</span> <span class='ocrx_word' id='word_1_159' title='bbox 707 2077 752 2157; x_wconf 87' lang='lat' dir='ltr'>et,</span> <span class='ocrx_word' id='word_1_160' title='bbox 780 2073 806 2138; x_wconf 88' lang='lat' dir='ltr'>si</span> <span class='ocrx_word' id='word_1_161' title='bbox 828 2095 880 2138; x_wconf 89' lang='lat' dir='ltr'>res</span> <span class='ocrx_word' id='word_1_162' title='bbox 906 2074 1041 2138; x_wconf 86' lang='lat' dir='ltr'>faculta-</span> 
     </span>
     <span class='ocr_line' id='line_1_22' title="bbox 89 2159 1042 2244; baseline 0 -21"><span class='ocrx_word' id='word_1_163' title='bbox 89 2162 152 2224; x_wconf 87' lang='lat' dir='ltr'>tem</span> <span class='ocrx_word' id='word_1_164' title='bbox 167 2159 322 2224; x_wconf 86' lang='lat' dir='ltr'>habitura</span> <span class='ocrx_word' id='word_1_165' title='bbox 339 2160 495 2236; x_wconf 83' lang='lat' dir='ltr'>videatur,</span> <span class='ocrx_word' id='word_1_166' title='bbox 512 2163 550 2224; x_wconf 91' lang='lat' dir='ltr'>ut</span> <span class='ocrx_word' id='word_1_167' title='bbox 567 2161 803 2226; x_wconf 84' lang='lat' dir='ltr'>Alexandream</span> <span class='ocrx_word' id='word_1_168' title='bbox 820 2163 917 2244; x_wconf 90' lang='lat' dir='ltr'>atque</span> <span class='ocrx_word' id='word_1_169' title='bbox 935 2159 1042 2244; x_wconf 79' lang='lat' dir='ltr'>Aegy·</span> 
     </span>
     <span class='ocr_line' id='line_1_23' title="bbox 89 2246 1042 2332; baseline 0 -20"><span class='ocrx_word' id='word_1_170' title='bbox 89 2251 178 2332; x_wconf 89' lang='lat' dir='ltr'>ptum</span> <span class='ocrx_word' id='word_1_171' title='bbox 199 2252 310 2313; x_wconf 87' lang='lat' dir='ltr'>tencre</span> <span class='ocrx_word' id='word_1_172' title='bbox 332 2249 451 2332; x_wconf 87' lang='lat' dir='ltr'>possis,</span> <span class='ocrx_word' id='word_1_173' title='bbox 479 2269 547 2313; x_wconf 87' lang='lat' dir='ltr'>esse</span> <span class='ocrx_word' id='word_1_174' title='bbox 575 2252 608 2314; x_wconf 91' lang='lat' dir='ltr'>et</span> <span class='ocrx_word' id='word_1_175' title='bbox 628 2253 704 2314; x_wconf 91' lang='lat' dir='ltr'>tuae</span> <span class='ocrx_word' id='word_1_176' title='bbox 732 2251 765 2313; x_wconf 91' lang='lat' dir='ltr'>et</span> <span class='ocrx_word' id='word_1_177' title='bbox 790 2247 895 2313; x_wconf 87' lang='lat' dir='ltr'>nostri</span> <span class='ocrx_word' id='word_1_178' title='bbox 916 2246 1042 2332; x_wconf 89' lang='lat' dir='ltr'>imperii</span> 
     </span>
     <span class='ocr_line' id='line_1_24' title="bbox 90 2335 1042 2422; baseline 0.001 -23"><span class='ocrx_word' id='word_1_179' title='bbox 90 2336 256 2421; x_wconf 76' lang='lat' dir='ltr'>dignitatis</span> <span class='ocrx_word' id='word_1_180' title='bbox 287 2335 486 2401; x_wconf 88' lang='lat' dir='ltr'>Ptolemaide</span> <span class='ocrx_word' id='word_1_181' title='bbox 522 2340 579 2401; x_wconf 88' lang='lat' dir='ltr'>aut</span> <span class='ocrx_word' id='word_1_182' title='bbox 615 2338 722 2421; x_wconf 91' lang='lat' dir='ltr'>aliquo</span> <span class='ocrx_word' id='word_1_183' title='bbox 754 2337 936 2422; x_wconf 87' lang='lat' dir='ltr'>propinquo</span> <span class='ocrx_word' id='word_1_184' title='bbox 970 2335 1042 2401; x_wconf 88' lang='lat' dir='ltr'>loco</span> 
     </span>
     <span class='ocr_line' id='line_1_25' title="bbox 89 2424 1042 2509; baseline -0.001 -21"><span class='ocrx_word' id='word_1_185' title='bbox 89 2444 163 2509; x_wconf 80' lang='lat' dir='ltr'>rege</span> <span class='ocrx_word' id='word_1_186' title='bbox 184 2425 343 2490; x_wconf 88' lang='lat' dir='ltr'>collocato</span> <span class='ocrx_word' id='word_1_187' title='bbox 370 2427 403 2488; x_wconf 91' lang='lat' dir='ltr'>te</span> <span class='ocrx_word' id='word_1_188' title='bbox 430 2446 503 2489; x_wconf 90' lang='lat' dir='ltr'>cum</span> <span class='ocrx_word' id='word_1_189' title='bbox 530 2426 632 2490; x_wconf 88' lang='lat' dir='ltr'>classe</span> <span class='ocrx_word' id='word_1_190' title='bbox 659 2428 755 2509; x_wconf 87' lang='lat' dir='ltr'>atque</span> <span class='ocrx_word' id='word_1_191' title='bbox 784 2425 923 2490; x_wconf 84' lang='lat' dir='ltr'>exercitu</span> <span class='ocrx_word' id='word_1_192' title='bbox 945 2424 1042 2508; x_wconf 89' lang='lat' dir='ltr'>profi·</span> 
     </span>
     <span class='ocr_line' id='line_1_26' title="bbox 91 2511 1112 2598; baseline 0.001 -23"><span class='ocrx_word' id='word_1_193' title='bbox 91 2513 163 2577; x_wconf 89' lang='lat' dir='ltr'>cisci</span> <span class='ocrx_word' id='word_1_194' title='bbox 180 2511 426 2597; x_wconf 84' lang='lat' dir='ltr'>Alexandream,</span> <span class='ocrx_word' id='word_1_195' title='bbox 443 2514 489 2597; x_wconf 89' lang='lat' dir='ltr'>ut,</span> <span class='ocrx_word' id='word_1_196' title='bbox 509 2533 581 2577; x_wconf 91' lang='lat' dir='ltr'>eam</span> <span class='ocrx_word' id='word_1_197' title='bbox 599 2534 698 2596; x_wconf 93' lang='lat' dir='ltr'>quum</span> <span class='ocrx_word' id='word_1_198' title='bbox 715 2534 794 2597; x_wconf 91' lang='lat' dir='ltr'>pace</span> <span class='ocrx_word' id='word_1_199' title='bbox 812 2512 1042 2598; x_wconf 81' lang='lat' dir='ltr'>praesidiisque</span> <span class='ocrx_word' id='word_1_200' title='bbox 1106 2537 1112 2545; x_wconf 70' lang='lat'>¹</span> 
     </span>
     <span class='ocr_line' id='line_1_27' title="bbox 91 2598 1044 2686; baseline 0.001 -23"><span class='ocrx_word' id='word_1_201' title='bbox 91 2599 234 2685; x_wconf 81' lang='lat' dir='ltr'>firmetis,</span> <span class='ocrx_word' id='word_1_202' title='bbox 255 2598 459 2666; x_wconf 86' lang='lat' dir='ltr'>Ptolemaeus</span> <span class='ocrx_word' id='word_1_203' title='bbox 480 2600 592 2665; x_wconf 88' lang='lat' dir='ltr'>redeat</span> <span class='ocrx_word' id='word_1_204' title='bbox 612 2602 648 2665; x_wconf 93' lang='lat' dir='ltr'>in</span> <span class='ocrx_word' id='word_1_205' title='bbox 665 2622 815 2686; x_wconf 79' lang='lat' dir='ltr'>regnum3</span> <span class='ocrx_word' id='word_1_206' title='bbox 836 2601 884 2666; x_wconf 81' lang='lat' dir='ltr'>ita</span> <span class='ocrx_word' id='word_1_207' title='bbox 904 2600 984 2684; x_wconf 88' lang='lat' dir='ltr'>fore,</span> <span class='ocrx_word' id='word_1_208' title='bbox 1005 2603 1044 2664; x_wconf 91' lang='lat' dir='ltr'>ut</span> 
     </span>
     <span class='ocr_line' id='line_1_28' title="bbox 93 2688 1042 2772; baseline 0.002 -21"><span class='ocrx_word' id='word_1_209' title='bbox 93 2691 123 2752; x_wconf 92' lang='lat' dir='ltr'>et</span> <span class='ocrx_word' id='word_1_210' title='bbox 143 2709 201 2772; x_wconf 91' lang='lat' dir='ltr'>per</span> <span class='ocrx_word' id='word_1_211' title='bbox 221 2692 254 2753; x_wconf 89' lang='lat' dir='ltr'>te</span> <span class='ocrx_word' id='word_1_212' title='bbox 277 2689 479 2772; x_wconf 86' lang='lat' dir='ltr'>restituatur,</span> <span class='ocrx_word' id='word_1_213' title='bbox 504 2689 773 2772; x_wconf 90' lang='lat' dir='ltr'>quemadmodum</span> <span class='ocrx_word' id='word_1_214' title='bbox 796 2692 926 2754; x_wconf 85' lang='lat' dir='ltr'>senatus</span> <span class='ocrx_word' id='word_1_215' title='bbox 948 2688 1042 2753; x_wconf 88' lang='lat' dir='ltr'>initio</span> 
     </span>
     <span class='ocr_line' id='line_1_29' title="bbox 93 2776 1041 2861; baseline 0 -21"><span class='ocrx_word' id='word_1_216' title='bbox 93 2777 225 2860; x_wconf 90' lang='lat' dir='ltr'>censuit,</span> <span class='ocrx_word' id='word_1_217' title='bbox 252 2779 285 2840; x_wconf 91' lang='lat' dir='ltr'>et</span> <span class='ocrx_word' id='word_1_218' title='bbox 306 2777 375 2840; x_wconf 89' lang='lat' dir='ltr'>sine</span> <span class='ocrx_word' id='word_1_219' title='bbox 398 2777 604 2841; x_wconf 88' lang='lat' dir='ltr'>multitudine</span> <span class='ocrx_word' id='word_1_220' title='bbox 626 2777 810 2861; x_wconf 89' lang='lat' dir='ltr'>reducatur,</span> <span class='ocrx_word' id='word_1_221' title='bbox 838 2776 1041 2861; x_wconf 90' lang='lat' dir='ltr'>quemadmo-</span> 
     </span>
     <span class='ocr_line' id='line_1_30' title="bbox 93 2862 1078 2950; baseline -0.003 -23"><span class='ocrx_word' id='word_1_222' title='bbox 93 2863 164 2928; x_wconf 88' lang='lat' dir='ltr'>dum</span> <span class='ocrx_word' id='word_1_223' title='bbox 176 2863 325 2930; x_wconf 86' lang='lat' dir='ltr'>homines</span> <span class='ocrx_word' id='word_1_224' title='bbox 338 2864 482 2949; x_wconf 81' lang='lat' dir='ltr'>religiosi</span> <span class='ocrx_word' id='word_1_225' title='bbox 496 2863 636 2948; x_wconf 84' lang='lat' dir='ltr'>Sibyllae</span> <span class='ocrx_word' id='word_1_226' title='bbox 654 2866 781 2950; x_wconf 88' lang='lat' dir='ltr'>placere</span> <span class='ocrx_word' id='word_1_227' title='bbox 795 2865 952 2930; x_wconf 87' lang='lat' dir='ltr'>dixerunt.</span> <span class='ocrx_word' id='word_1_228' title='bbox 980 2862 1044 2928; x_wconf 86' lang='lat' dir='ltr'>Sed</span> <span class='ocrx_word' id='word_1_229' title='bbox 1061 2874 1078 2923; x_wconf 82' lang='lat' dir='ltr'>o</span> 
     </span>
     <span class='ocr_line' id='line_1_31' title="bbox 93 2951 1044 3038; baseline -0.001 -22"><span class='ocrx_word' id='word_1_230' title='bbox 93 2951 167 3016; x_wconf 85' lang='lat' dir='ltr'>huec</span> <span class='ocrx_word' id='word_1_231' title='bbox 189 2953 352 3017; x_wconf 86' lang='lat' dir='ltr'>sententie</span> <span class='ocrx_word' id='word_1_232' title='bbox 379 2953 424 3017; x_wconf 87' lang='lat' dir='ltr'>sic</span> <span class='ocrx_word' id='word_1_233' title='bbox 452 2956 486 3017; x_wconf 90' lang='lat' dir='ltr'>et</span> <span class='ocrx_word' id='word_1_234' title='bbox 510 2953 619 3016; x_wconf 91' lang='lat' dir='ltr'>illi.et</span> <span class='ocrx_word' id='word_1_235' title='bbox 644 2953 739 3018; x_wconf 90' lang='lat' dir='ltr'>nobis</span> <span class='ocrx_word' id='word_1_236' title='bbox 765 2953 977 3038; x_wconf 86' lang='lat' dir='ltr'>probabatur,</span> <span class='ocrx_word' id='word_1_237' title='bbox 1005 2954 1044 3017; x_wconf 88' lang='lat' dir='ltr'>ut</span> 
     </span>
     <span class='ocr_line' id='line_1_32' title="bbox 94 3039 1043 3107; baseline 0 -4"><span class='ocrx_word' id='word_1_238' title='bbox 94 3060 129 3103; x_wconf 88' lang='lat' dir='ltr'>ex</span> <span class='ocrx_word' id='word_1_239' title='bbox 154 3044 271 3105; x_wconf 83' lang='lat' dir='ltr'>eventu</span> <span class='ocrx_word' id='word_1_240' title='bbox 301 3039 450 3106; x_wconf 91' lang='lat' dir='ltr'>homines</span> <span class='ocrx_word' id='word_1_241' title='bbox 482 3039 521 3105; x_wconf 91' lang='lat' dir='ltr'>de</span> <span class='ocrx_word' id='word_1_242' title='bbox 547 3044 605 3106; x_wconf 88' lang='lat' dir='ltr'>tuo</span> <span class='ocrx_word' id='word_1_243' title='bbox 637 3041 772 3107; x_wconf 90' lang='lat' dir='ltr'>consilio</span> <span class='ocrx_word' id='word_1_244' title='bbox 805 3041 1043 3106; x_wconf 83' lang='lat' dir='ltr'>existimaturos</span> 
     </span>
     <span class='ocr_line' id='line_1_33' title="bbox 94 3127 1043 3213; baseline -0.002 -22"><span class='ocrx_word' id='word_1_245' title='bbox 94 3127 280 3193; x_wconf 82' lang='lat' dir='ltr'>rideremus:</span> <span class='ocrx_word' id='word_1_246' title='bbox 316 3128 344 3192; x_wconf 88' lang='lat' dir='ltr'>si</span> <span class='ocrx_word' id='word_1_247' title='bbox 371 3128 549 3213; x_wconf 88' lang='lat' dir='ltr'>cecidisset,</span> <span class='ocrx_word' id='word_1_248' title='bbox 581 3131 618 3192; x_wconf 91' lang='lat' dir='ltr'>ut</span> <span class='ocrx_word' id='word_1_249' title='bbox 644 3131 792 3194; x_wconf 85' lang='lat' dir='ltr'>volumus</span> <span class='ocrx_word' id='word_1_250' title='bbox 825 3132 858 3193; x_wconf 92' lang='lat' dir='ltr'>et</span> <span class='ocrx_word' id='word_1_251' title='bbox 885 3131 1043 3212; x_wconf 87' lang='lat' dir='ltr'>optamus,</span> 
     </span>
     <span class='ocr_line' id='line_1_34' title="bbox 94 3214 1043 3301; baseline -0.005 -21"><span class='ocrx_word' id='word_1_252' title='bbox 94 3236 200 3280; x_wconf 89' lang='lat' dir='ltr'>ornnes</span> <span class='ocrx_word' id='word_1_253' title='bbox 225 3219 259 3280; x_wconf 94' lang='lat' dir='ltr'>te</span> <span class='ocrx_word' id='word_1_254' title='bbox 286 3218 320 3280; x_wconf 90' lang='lat' dir='ltr'>et</span> <span class='ocrx_word' id='word_1_255' title='bbox 346 3216 509 3299; x_wconf 83' lang='lat' dir='ltr'>supienter</span> <span class='ocrx_word' id='word_1_256' title='bbox 529 3218 565 3292; x_wconf 83' lang='lat' dir='ltr'>et</span> <span class='ocrx_word' id='word_1_257' title='bbox 589 3216 733 3301; x_wconf 81' lang='lat' dir='ltr'>fortiter,</span> <span class='ocrx_word' id='word_1_258' title='bbox 760 3217 789 3281; x_wconf 91' lang='lat' dir='ltr'>si</span> <span class='ocrx_word' id='word_1_259' title='bbox 815 3214 936 3300; x_wconf 90' lang='lat' dir='ltr'>aliquid</span> <span class='ocrx_word' id='word_1_260' title='bbox 959 3215 1043 3276; x_wconf 87' lang='lat' dir='ltr'>esset</span> 
     </span>
     <span class='ocr_line' id='line_1_35' title="bbox 96 3299 1042 3388; baseline -0.004 -20"><span class='ocrx_word' id='word_1_261' title='bbox 96 3303 261 3388; x_wconf 84' lang='lat' dir='ltr'>offensum,</span> <span class='ocrx_word' id='word_1_262' title='bbox 288 3303 418 3368; x_wconf 89' lang='lat' dir='ltr'>eosdem</span> <span class='ocrx_word' id='word_1_263' title='bbox 439 3303 513 3369; x_wconf 90' lang='lat' dir='ltr'>illos</span> <span class='ocrx_word' id='word_1_264' title='bbox 541 3308 574 3368; x_wconf 92' lang='lat' dir='ltr'>et</span> <span class='ocrx_word' id='word_1_265' title='bbox 597 3304 710 3388; x_wconf 89' lang='lat' dir='ltr'>cupide</span> <span class='ocrx_word' id='word_1_266' title='bbox 733 3307 766 3369; x_wconf 90' lang='lat' dir='ltr'>et</span> <span class='ocrx_word' id='word_1_267' title='bbox 786 3308 906 3368; x_wconf 87' lang='lat' dir='ltr'>temere</span> <span class='ocrx_word' id='word_1_268' title='bbox 928 3299 1042 3364; x_wconf 81' lang='lat' dir='ltr'>fecisse</span> 
     </span>
    </p>
   </div>
   <div class='ocr_carea' id='block_1_3' title="bbox 95 3507 1042 3652">
    <p class='ocr_par' dir='ltr' id='par_1_3' title="bbox 95 3507 1042 3652">
     <span class='ocr_line' id='line_1_36' title="bbox 159 3507 1042 3581; baseline -0.007 -17"><span class='ocrx_word' id='word_1_269' title='bbox 159 3509 211 3580; x_wconf 80' lang='lat' dir='ltr'>Ep.</span> <span class='ocrx_word' id='word_1_270' title='bbox 231 3517 256 3577; x_wconf 78' lang='lat'>7,</span> <span class='ocrx_word' id='word_1_271' title='bbox 269 3516 295 3566; x_wconf 78' lang='lat'>4.</span> <span class='ocrx_word' id='word_1_272' title='bbox 325 3512 491 3580; x_wconf 69' lang='lat' dir='ltr'>rapientes.</span> <span class='ocrx_word' id='word_1_273' title='bbox 512 3511 579 3580; x_wconf 70' lang='lat' dir='ltr'>(M).</span> <span class='ocrx_word' id='word_1_274' title='bbox 610 3527 634 3566; x_wconf 84' lang='lat' dir='ltr'>r.</span> <span class='ocrx_word' id='word_1_275' title='bbox 655 3511 754 3581; x_wconf 52' lang='grc' dir='ltr'><strong><em>[Αἶα]</em></strong></span> <span class='ocrx_word' id='word_1_276' title='bbox 768 3509 875 3576; x_wconf 74' lang='lat' dir='ltr'>Kleyu,</span> <span class='ocrx_word' id='word_1_277' title='bbox 890 3507 920 3559; x_wconf 84' lang='lat' dir='ltr'>B.</span> <span class='ocrx_word' id='word_1_278' title='bbox 936 3533 970 3546; x_wconf 87' lang='lat'>-</span> <span class='ocrx_word' id='word_1_279' title='bbox 980 3521 1042 3574; x_wconf 82' lang='lat' dir='ltr'>pcr-</span> 
     </span>
     <span class='ocr_line' id='line_1_37' title="bbox 95 3581 508 3652; baseline -0.002 -16"><span class='ocrx_word' id='word_1_280' title='bbox 95 3581 194 3650; x_wconf 69' lang='lat' dir='ltr'>cur&#39;ptc</span> <span class='ocrx_word' id='word_1_281' title='bbox 211 3581 287 3652; x_wconf 87' lang='lat' dir='ltr'><strong>(W.).</strong></span> <span class='ocrx_word' id='word_1_282' title='bbox 321 3583 426 3652; x_wconf 69' lang='lat' dir='ltr'>eccepto</span> <span class='ocrx_word' id='word_1_283' title='bbox 443 3581 508 3636; x_wconf 85' lang='grc' dir='ltr'>ΜΒ.</span> 
     </span>
    </p>
   </div>
   <div class='ocr_carea' id='block_1_4' title="bbox 0 0 1303 3978">
    <p class='ocr_par' dir='ltr' id='par_1_4' title="bbox 0 0 1303 3978">
     <span class='ocr_line' id='line_1_38' title="bbox 0 0 1303 3978; baseline 0 0"><span class='ocrx_word' id='word_1_284' title='bbox 0 0 1303 3978; x_wconf 95' lang='lat' dir='ltr'> </span> 
     </span>
    </p>
   </div>
  </div>
 </body>
</html>
