2578 3978
261 199 306 264 74
543 199 581 254 Μ.
600 193 725 254 TULLII
743 194 934 252 CICERONIS

260 346 306 430 te,
332 345 497 410 hominem
524 365 592 409 non
620 343 725 409 solum
752 342 944 427 sapientem,
973 361 1083 405 verum
1112 341 1222 426 etiam,
1284 375 1285 408 f

260 436 298 498 ut
320 453 407 498 nuno
429 431 600 519 loquimur,
622 433 791 516 urbanum,
813 452 881 496 uon
901 429 1082 494 arbitrabar
1100 449 1222 514 genere
1284 469 1285 474 κ

258 523 323 587 isto
350 523 551 608 legationum
578 520 743 604 delectari,
768 519 864 604 idque
892 540 943 583 me
971 517 1110 582 arbitror
1139 515 1222 602 Syn·
1284 555 1285 602 3

259 610 352 676 nadis
375 633 435 696 pro
457 610 614 677 tribunali
634 609 745 676 multis
768 608 874 674 verbis
897 606 1127 691 disputavisse:
1156 608 1222 692 pri-
1284 613 1285 676 j

256 722 348 764 mum
384 697 446 785 Ap.
478 697 648 765 Claudium
684 697 811 763 senatui
846 696 1030 781 populoque
1067 694 1221 762 Romano
1284 775 1285 778 Ἴ

253 809 327 854 non
344 787 578 854 Midaeensium
600 786 843 852 testimonio-
857 786 893 850 in
915 806 954 849 aa
976 784 1063 848 enim
1086 783 1221 850 civitate
1284 787 1285 844 i

258 877 380 942 mentio
402 877 491 941 faeta
514 880 564 942 est
577 913 634 960 —,
658 875 714 942 sed
737 896 795 940 sua
814 876 930 960 sponte
949 893 1019 940 esse
1036 872 1223 958 laudatum3
1284 881 1285 950 j

254 965 374 1030 deinde
405 987 456 1030 me
487 966 536 1030 ita
566 965 683 1030 vidisse
714 963 857 1030 accidere
883 962 1010 1048 multis,
1041 966 1079 1028 ut
1105 979 1222 1030 eorum
1284 969 1285 1022 i

251 1075 356 1118 eausa
378 1054 558 1140 legationes
580 1053 719 1119 Romam
746 1053 908 1137 venirent,
936 1052 992 1118 sed
1018 1051 1058 1116 iis
1081 1052 1222 1138 legatio·
1284 1069 1285 1106 1

252 1143 354 1208 nibus
376 1165 445 1209 non
466 1143 650 1208 meminisse
675 1139 748 1229 [me]
777 1142 880 1207 ullum
905 1143 1034 1225 tempus
1061 1141 1222 1208 laudandi
1284 1159 1285 1234 i

254 1235 316 1297 aut
337 1233 444 1297 locum
467 1232 549 1315 dari3
581 1231 689 1296 studia
715 1231 795 1294 mihi
822 1252 934 1297 eorum
961 1230 1101 1316 plaeere,
1129 1233 1222 1316 quod
1284 1235 1285 1320 i

255 1320 293 1384 in
318 1323 352 1383 te
378 1321 461 1384 bene
492 1320 607 1385 merito
640 1319 726 1405 grati
757 1323 877 1404 essent,
909 1319 1080 1385 eonsilium
1108 1321 1221 1387 totum

254 1407 358 1473 videri
389 1408 520 1472 minime
550 1408 781 1492 necessarium
812 1408 840 1473 si
872 1410 981 1473 autem
1012 1408 1133 1490 uellent
1161 1410 1220 1476 de·

258 1497 378 1562 olarare
401 1497 437 1562 in
460 1519 497 1563 eo
517 1497 659 1564 officium
678 1519 780 1582 suum,
802 1496 1009 1562 laudaturum
1028 1519 1088 1582 me,
1111 1499 1140 1562 si
1158 1501 1220 1584 qui

176 1603 189 1614 ”
255 1607 315 1651 suo
343 1588 474 1672 sumptu
500 1587 631 1652 functus
659 1589 744 1652 esset
770 1586 891 1670 officio,
918 1607 1158 1671 concessurum,
1188 1590 1219 1654 si

254 1675 411 1761 legitimo,
433 1697 501 1741 non
518 1676 757 1762 permissurum,
780 1676 808 1742 si
826 1675 964 1740 infinito.
1001 1673 1084 1752 Quid
1106 1675 1142 1740 in
1160 1699 1217 1742 me
1284 1667 1285 1686 ¹

253 1764 1285 1852 fflfflmffiwfflmmmq

253 1852 391 1918 busdam
413 1853 554 1918 edietum
575 1876 683 1919 meum
710 1854 803 1938 quasi
825 1854 972 1920 consulto
996 1853 1037 1918 ad
1064 1853 1144 1918 istas
1167 1855 1216 1920 le·
1284 1857 1285 1934 ξ

255 1941 402 2026 gationes
438 1942 658 2026 impediendas
694 1965 763 2008 esse
800 1942 1085 2008 accommodatum.
1139 1941 1216 2010 Iam
1284 1947 1285 2039 q

253 2050 321 2094 non
343 2033 412 2095 tam
434 2031 514 2096 mihi
536 2031 686 2098 videntur
708 2031 859 2096 iniuriam
876 2031 983 2096 faeere
1001 2031 1034 2115 ii,
1056 2031 1112 2116 qui
1128 2029 1215 2099 haee
1284 2043 1285 2092 i

253 2118 433 2205 disputant,
466 2142 563 2206 quam
590 2120 618 2186 si
645 2121 734 2186 ouius
762 2142 855 2185 aures
886 2119 928 2185 ad
954 2121 1040 2184 hano
1067 2120 1214 2204 disputa·
1272 2167 1275 2175 .

217 2207 375 2273 4tionem
406 2212 528 2293 patent.
582 2208 705 2274 Romae
741 2207 907 2292 composui
939 2207 1091 2292 edietum3
1125 2210 1214 2276 nihil
1284 2223 1285 2290 l

251 2296 374 2379 addidi,
404 2297 469 2361 nisi
501 2296 600 2380 quod,
631 2297 796 2380 publicani
823 2318 874 2360 me
906 2300 1077 2382 rogarunt,
1109 2319 1214 2381 quum
1284 2295 1285 2378 l

250 2381 385 2448 Samum
407 2383 448 2448 ad
470 2406 521 2448 me
544 2385 721 2469 venissent,
743 2388 781 2449 ut
804 2384 842 2449 de
865 2388 922 2450 tuo
946 2385 1050 2451 edicto
1072 2386 1213 2453 totidem
1240 2449 1244 2458 ,
1284 2381 1285 2458 i

248 2470 357 2536 verbis
384 2472 593 2538 transferrem
623 2473 659 2538 in
690 2495 805 2538 meum.
850 2473 1103 2559 Diligentissima
1131 2477 1212 2542 scri·

249 2563 343 2645 ptum
361 2563 459 2644 eaput
476 2564 534 2645 est,
557 2561 643 2645 quod
665 2562 807 2647 pertinet
824 2562 866 2627 ad
884 2561 1075 2628 minuendos
1099 2585 1211 2649 sump·
1284 2551 1285 2636 l

249 2652 303 2712 tus
331 2649 511 2715 civitatum:
540 2671 604 2734 quo
631 2651 667 2715 in
695 2651 799 2735 eapite
823 2653 900 2716 sunt
927 2650 1085 2734 quaedam
1112 2673 1211 2738 nova,

248 2737 405 2804 salutaria
428 2738 625 2823 civitatibus,
653 2739 778 2822 quibus,
797 2759 858 2824 ego
886 2759 1005 2822 magno
1034 2761 1130 2824 opere
1154 2740 1210 2805 de-

247 2826 363 2910 lector3
389 2826 452 2892 hoo
474 2849 564 2912 vero,
591 2849 630 2892 ex
652 2848 716 2911 quo
740 2827 878 2912 suspicio
901 2830 981 2891 nata
1009 2831 1058 2892 est
1080 2849 1131 2892 me
1155 2849 1210 2894 ex·

248 2915 385 2998 quisisse
412 2915 547 3000 aliquid,
573 2916 609 2980 in
631 2938 695 3000 quo
717 2918 751 2980 te
774 2915 982 2999 offenderem,
1009 2917 1210 2983 tralaticium
1284 2969 1285 3002 3

249 3007 307 3068 est.
351 3002 464 3088 Neque
487 3005 574 3069 enim
596 3026 684 3070 eram
706 3007 774 3069 tam
796 3003 971 3088 desipiens,
996 3006 1035 3068 ut
1061 3005 1209 3089 privatae
1284 3009 1285 3090 l

248 3092 297 3157 rei
318 3113 415 3158 eausa
436 3093 539 3179 legari
560 3096 721 3179 putarem,
749 3092 817 3178 qui,
845 3095 878 3157 et
899 3092 961 3157 tibi
988 3112 1057 3157 non
1077 3093 1208 3177 privato

246 3267 930 3420 nissenpiwquailmqeqquuqeqnqqqoeqneqpqa
950 3266 1208 3392 minime'lemll.

246 3443 283 3452 -
302 3412 377 3482 Quid
393 3412 425 3465 ia
443 3427 483 3465 nae
500 3427 571 3479 repr.
591 3408 647 3477 (Or.
668 3411 758 3479 eom).
810 3407 842 3479 Q.
860 3425 933 3464 aum
950 3423 1020 3476 repr.
1044 3407 1091 3475 M„
1109 3407 1144 3462 B:
1179 3415 1206 3463 4.
1284 3421 1285 3460 1

247 3480 653 3624 pppissaqqqiqutliooqingq.
688 3497 716 3536 a.
735 3480 808 3550 qaod
821 3496 852 3550 p.
871 3478 965 3550 vulgo.
986 3507 1018 3517 -
1038 3479 1096 3548 qai,
1113 3483 1139 3534 et
1152 3479 1208 3534 tibi
1284 3485 1285 3560 q

298 3593 323 3607 ..
481 3571 545 3608 .vu
595 3594 600 3606 .
