2658 3986
234 207 301 274 202
517 205 555 262 Μ.
575 206 700 262 TULLII
718 205 908 262 CICERONIS

674 456 749 522 VII.

410 568 467 625 Sar.
487 569 592 624 Romae
611 585 707 624 mensa
725 569 801 624 Maio
820 587 845 624 a.
864 589 890 624 u.
910 589 933 626 c.
953 575 1013 626 700.

542 692 671 748 CICERO
690 693 882 749 TREBATIO.

198 807 213 860 1
299 793 373 881 Ego
394 796 428 860 ts
451 793 675 860 commendare
697 815 766 859 non
783 795 913 878 desisto,
935 794 999 878 sed,
1022 793 1098 879 quid
1117 815 1197 878 pro·

232 885 348 969 ficiam,
371 905 410 949 ex
431 886 464 948 te
487 883 567 948 scire
591 883 698 968 cupio:
722 904 813 967 spem
834 883 1007 948 maximam
1027 884 1133 948 habeo
1158 883 1196 947 in

232 972 350 1058 Balbo,
378 973 536 1056 adquam
559 971 598 1036 da
620 976 653 1037 te
676 971 920 1057 diligentissime
949 975 982 1037 et
1004 973 1196 1056 saepissime

233 1063 347 1129 scribo.
391 1061 477 1126 Illud
500 1061 588 1127 soleo
611 1061 733 1145 mirari,
760 1082 828 1127 non
850 1082 902 1126 ma
925 1061 1022 1126 toties
1045 1060 1195 1145 accipere

232 1155 305 1218 tuas
327 1151 467 1234 litteras,
495 1150 620 1234 quoties
644 1172 664 1214 a
686 1149 807 1226 Quinto
829 1149 910 1214 mihi
931 1149 1031 1214 fratre
1055 1149 1196 1214 afferan-

231 1244 294 1307 tur.
339 1239 381 1305 In
402 1238 574 1304 Britannia
595 1238 678 1303 nihil
701 1260 770 1304 esse
793 1239 888 1304 audio
911 1260 1015 1323 neque
1042 1239 1113 1304 auri
1137 1260 1194 1304 nc·

233 1350 294 1414 que
317 1328 457 1415 argenti:
486 1327 519 1392 id
543 1327 571 1392 si
593 1328 640 1392 ita
662 1331 724 1411 est,
751 1327 899 1394 essedum
928 1327 1058 1412 aliquod
1080 1328 1194 1412 capias

169 1417 353 1483 'asuadeo
385 1419 419 1481 et
450 1415 490 1480 ad
527 1437 587 1481 nos
619 1438 717 1502 quam
751 1417 892 1503 primum
923 1437 1076 1481 recurras.
1133 1415 1194 1481 Sin

232 1509 341 1572 autem
364 1505 433 1571 sine
452 1502 624 1570 Britannia
640 1509 750 1570 tamen
769 1505 905 1590 assequi,
928 1506 1014 1590 quod
1031 1506 1195 1589 volumus,

231 1616 417 1680 possumus,
443 1593 573 1679 perfice,
600 1597 638 1659 ut
661 1595 704 1660 sis
731 1595 766 1659 in
794 1594 1005 1659 familiaribus
1028 1591 1192 1659 Caesaris:

231 1685 371 1749 multum
396 1687 430 1749 te
456 1683 492 1747 in
519 1703 557 1748 eo
586 1683 688 1748 frater
719 1683 884 1748 adiuvabit
914 1703 1019 1767 meus,
1050 1683 1193 1748 multum

231 1770 368 1857 Balbus,
391 1772 460 1856 sed,
487 1771 696 1855 mihicrede,
723 1775 800 1839 tuus
822 1771 926 1856 pudor
949 1774 982 1836 et
1003 1771 1096 1837 labor
1118 1773 1194 1856 plu·
1304 1831 1305 1836 ,

230 1862 357 1926 rimum.
406 1859 639 1945 Imperatorem
666 1860 939 1944 liberalissimum,
970 1863 1110 1924 aetatem
1132 1883 1193 1945 op·
1303 1890 1304 1903 κ

230 1949 509 2036 portunissimam,
536 1949 849 2016 commendationem
876 1952 962 2014 certo
990 1949 1193 2034 singularem

230 2037 340 2126 habes,
363 2043 400 2104 ut
421 2038 483 2105 tibi
504 2059 606 2105 unum
628 2039 808 2105 timendum
831 2038 882 2123 sit,
904 2058 944 2103 nc
963 2038 1032 2122 ipse
1051 2037 1191 2103 tibi‘de-
1302 2097 1303 2102 ,

230 2128 330 2195 fuisse
353 2128 491 2196 uidaare.

662 2320 754 2386 VIII.

402 2431 460 2489 Scr.
479 2432 584 2487 Romae
603 2447 697 2488 mensa
716 2433 796 2488 Iunio
816 2450 840 2489 a.
859 2451 886 2488 u.
906 2449 928 2488 c.
949 2439 1008 2489 loo.
1114 2465 1117 2472 ·

537 2554 665 2611 CICERO
685 2555 878 2612 TREBATIO.

196 2669 211 2722 ι
297 2653 432 2740 Scripsit
454 2656 496 2722 ad
517 2678 568 2721 me
588 2654 705 2722 ansar
722 2656 964 2741 perhumaniter
986 2657 1131 2722 nondum
1154 2663 1187 2722 te

229 2744 292 2810 sibi
309 2745 388 2810 satis
406 2766 475 2811 esse
493 2745 685 2811 familiarem
702 2748 836 2829 propter
854 2747 1081 2832 occupationes
1100 2768 1186 2828 suas,
1303 2788 1304 2819 I

230 2832 286 2899 sed
303 2837 388 2899 certe
406 2834 487 2900 fore:
513 2835 564 2900 oui
583 2832 711 2920 quidem
730 2853 790 2920 ego
808 2835 967 2920 rescripsi,
990 2855 1088 2919 quam
1105 2835 1187 2900 mihi

229 2924 358 3007 gratum
390 2927 475 2988 esset
505 2923 664 3008 futurum,
696 2922 723 2988 si
754 2943 852 3006 quam
880 2925 1055 3008 plurimum
1086 2923 1122 2988 in
1153 2927 1186 2988 te

230 3010 337 3095 studii,
360 3009 467 3096 officii,
489 3010 692 3077 liberalitatis
716 3031 792 3076 suae
816 3013 1015 3077 contulisset.
1061 3009 1124 3078 Sed
1147 3032 1186 3096 cr

227 3099 293 3164 tuis
321 3098 437 3164 litteris
464 3099 602 3185 cognovi
629 3120 879 3184 praeproperam
906 3100 1069 3185 quandam
1095 3101 1184 3166 festi·

186 3205 193 3220 ·
228 3188 394 3255 nationem
416 3190 507 3254 tuam
530 3191 563 3253 et
585 3187 681 3252 simul
704 3209 776 3253 sum
798 3189 983 3275 admiratus,
1006 3210 1062 3254 cur
1084 3188 1184 3254 tribu·

298 3413 351 3486 Ep.
371 3421 396 3485 ⁷,
412 3422 435 3471 1.
473 3417 628 3485 afferantur
646 3415 721 3484 (VI).
763 3415 928 3484 adserantur
946 3417 982 3471 M.
1019 3416 1185 3485 adserantur

228 3482 323 3554 vulgo.
346 3514 381 3526 -
404 3491 429 3540 0.
458 3487 531 3571 Ιῃῳ.
551 3486 655 3541 liberal.
674 3525 718 3569 :··
737 3487 904 3571 scapularem
921 3487 1011 3555 tabes,
1029 3493 1061 3542 ut
1079 3487 1183 3558 (Orat).

227 3551 309 3609 bobes
327 3570 380 3610 om.
399 3555 436 3610 Μ.
473 3573 538 3628 emp.
557 3557 638 3612 tobes
657 3557 702 3612 bb.
784 3573 865 3628 aaa,
882 3563 914 3613 at
931 3558 962 3612 B.
