2636 3986
379 227 638 284 srrsronruun
655 229 729 284 mv.
748 235 773 284 e.
791 235 817 284 r.
1002 221 1073 290 '485

116 395 169 438 me
192 376 371 456 venturam,
394 393 455 458 ego
478 394 564 457 vero,
587 395 686 458 quum
709 373 809 439 seiam
827 391 981 458 magnam
1002 393 1075 457 par-

117 467 185 526 tem
207 461 303 527 istius
326 463 433 526 oneris
452 462 510 527 ebs
528 465 561 526 te
579 462 739 546 sustineri,
761 467 794 526 te
812 461 886 526 istie
904 482 974 526 esse
992 462 1075 526 volo.

118 549 154 615 Si
176 549 339 634 perficitis,
361 550 447 635 quod
467 551 573 636 agitis,
595 571 646 615 me
667 550 707 614 ad
725 572 784 616 vos
802 550 911 615 venire
934 551 1077 634 oportet3

118 639 171 703 sin
199 641 307 703 autem
330 638 453 704 -sed
479 639 563 704 nihil
586 660 675 723 epus
703 642 753 703 est
778 639 902 722 reliqua
929 637 1076 703 seribere.

117 726 171 792 Ex
192 727 391 811 primis·aut
419 749 580 793 summum
603 728 751 792 secundis
773 727 891 792 litteris
913 727 978 792 tuis
1001 747 1077 791 eon·

119 816 253 881 stituere
284 816 476 902 poterimus,
507 816 585 902 quid
615 816 711 881 nobis
737 815 921 882 fauiendum
953 816 1007 880 sit:
1039 819 1077 880 tu

117 903 217 970 modo
240 904 281 969 ad
303 927 355 969 me
377 906 474 970 velim
492 905 602 970 omnia
620 905 865 990 diligentissime
887 904 1086 988 perscribas*

118 993 182 1058 etsi
203 993 309 1078 magis
330 994 397 1058 iam
417 989 487 1059 rem
506 1015 602 1079 quam
620 993 745 1058 litteras
764 993 864 1058 debeo
884 995 1078 1078 exspectare.

119 1078 215 1164 Oura,
237 1085 275 1146 ut
296 1083 404 1147 valeas
428 1087 461 1147 et
482 1083 529 1146 ita
555 1082 616 1147 tibi
638 1081 846 1166 persuadeas,
868 1081 949 1146 mihi
970 1083 1004 1146 te
1027 1101 1078 1145 aa·

119 1169 187 1234 rius
209 1169 292 1235 nihil
316 1191 385 1235 esse
408 1192 468 1236 nee
490 1191 645 1255 umquam
666 1170 775 1237 fuisse.
811 1169 904 1254 Vale,
925 1190 998 1234 mea
1018 1169 1077 1234 Te·

119 1259 239 1342 rentia3
271 1279 368 1344 quam
401 1280 462 1346 ego
493 1259 601 1325 ridere
632 1259 756 1352 ridear:
786 1259 896 1345 itaque
929 1257 1079 1324 debiliter

120 1347 270 1412 lacrimis.
315 1346 406 1412 Vale.
451 1347 503 1413 Pr.
525 1347 598 1412 Kal.
621 1347 698 1416 Dee.

567 1557 625 1626 IV.

203 1669 259 1744 Ser.
279 1671 420 1728 Brundisii
438 1672 511 1742 prid.
529 1673 671 1728 Kalendas
689 1673 780 1728 Maias
799 1689 824 1728 a.
843 1691 870 1728 n.
889 1688 913 1726 a.
932 1678 992 1727 696.

121 1791 279 1855 TULLIUS
294 1793 321 1848 S.
335 1793 368 1846 D.
384 1793 658 1920 rnannrrnspsspr
672 1793 831 1850 TULLIAE
845 1794 894 1848 ΕΤ
908 1793 1080 1850 CICERONI

190 1961 263 2047 Ego
287 1962 394 2027 minus
417 1985 511 2047 saepe
535 1965 577 2028 do
596 1964 637 2028 ad
654 1985 712 2030 vos
730 1963 865 2048 litteras,
887 1985 984 2048 quarn
1006 1978 1113 2047 pos-1

123 2073 209 2133 sum,
240 2055 412 2135 prepterea
439 2052 525 2136 quod
552 2074 651 2137 quum
683 2051 793 2117 omnia
823 2052 904 2116 mihi
933 2056 1080 2135 tempora

124 2143 203 2204 sunt
223 2140 350 2223 misera,
371 2144 442 2204 tum
463 2162 549 2226 vero,
572 2162 671 2224 quum
690 2143 747 2204 aut
765 2141 870 2206 scribe
889 2140 1006 2206 advos
1024 2144 1081 2204 aut

122 2230 248 2292 vestras
279 2229 367 2393 1680,
399 2228 551 2294 conficior
572 2229 713 2293 lacrimis
745 2229 804 2311 sie,
834 2231 873 2293 ut
902 2229 987 2294 ferre
1013 2249 1085 2293 non·
1126 2306 1129 2311 ι

121 2337 256 2400 pesum.

122 2405 208 2468 mus!
232 2408 318 2470 certe
340 2405 423 2469 nihil
445 2409 592 2471 autnon
614 2406 753 2470 multum
779 2406 815 2469 in
841 2405 909 2470 vita
936 2405 1014 2470 mali
1035 2404 1081 2470 ri·

123 2493 290 2558 dissemus.
336 2493 429 2570 Quod
459 2494 487 2559 si
512 2516 573 2560 nos
597 2494 638 2558 ad
665 2495 806 2578 aliquam
834 2493 968 2559 alienius
995 2515 1080 2558 eorn-

122 2581 213 2645 modi
231 2582 404 2666 aliqnando
422 2582 634 2667 recuperandi
648 2604 738 2667 spem
750 2583 884 2647 fortuna
896 2583 1082 2667 reservavit,

123 2670 232 2733 minus
256 2673 305 2735 est
327 2674 468 2736 erratum
492 2693 512 2734 a
533 2671 641 2754 nobis3
664 2672 692 2736 si
713 2670 794 2735 haee
812 2671 898 2734 mala
914 2671 978 2734 fixa
996 2673 1081 2754 sunt,

125 2777 188 2842 ego
210 2779 285 2823 veru
308 2763 341 2824 te
364 2759 637 2844 quamprimum,
659 2780 731 2824 mea
753 2759 834 2844 vita,
856 2759 951 2842 cupio
973 2758 1080 2823 videre

124 2849 160 2910 st
180 2846 216 2910 in
237 2849 295 2912 tua
318 2849 486 2932 complexu
509 2848 619 2931 amori,
642 2847 795 2930 quoniam
811 2868 916 2930 neque
935 2847 977 2930 di,
1000 2868 1081 2931 quos

123 2939 162 2999 tu
185 2934 363 3000 castissime
390 2936 531 3020 uoluisti,
558 2957 662 3020 neque
688 2936 850 3019 homines,
877 2935 993 3020 quibus
1020 2955 1080 3020 ego

124 3044 252 3107 semper
288 3025 416 3109 serviri,
452 3025 546 3090 nobis
583 3025 722 3111 gratiam
754 3025 957 3090 rettulerunt.
1010 3021 1116 3088 Nosr

122 3111 291 3177 Brundisii
313 3113 400 3197 apud
421 3112 465 3178 M.
488 3113 645 3178 Laenium
667 3111 818 3178 Flaccum
841 3113 908 3177 dies
927 3129 998 3176 xm.
1019 3111 1082 3175 fui·

123 3223 207 3284 mus,
229 3201 334 3266 virum
357 3203 524 3286 optimum,
546 3202 602 3286 qui
624 3202 801 3285 perieulum
822 3201 1028 3267 fortunarum
1049 3203 1083 3264 et

123 3290 241 3374 eapitis
269 3289 319 3355 sui
350 3311 427 3374 prae
458 3311 531 3354 mea
562 3290 666 3354 salute
697 3290 840 3375 neglexit
870 3309 974 3372 neque
1000 3288 1082 3373 legis

121 3378 384 3462 improbissimae
396 3398 503 3462 poena
516 3378 671 3443 deductus
686 3381 744 3463 est,
753 3399 817 3462 quo
831 3376 939 3442 minus
949 3375 1083 3461 hospitii

195 3570 247 3641 Ep.
268 3577 292 3638 4,
309 3577 332 3626 1.
368 3571 395 3624 a·
411 3570 476 3624 haee
494 3569 562 3638 (Μ).
577 3634 581 3644 ,
597 3571 643 3624 sia
660 3569 685 3624 h.
705 3569 748 3636 N.‚
767 3569 796 3622 B.

334 2316 399 2382 uod
425 2317 551 2382 utinam
582 2318 689 2382 minus
716 2317 801 2381 vitae
831 2316 938 2401 cupidi
968 2317 1081 2382 fuisse·
1201 2319 1211 2326 ”
