2578 3978
266 215 310 280 52
547 215 585 274 M.
605 205 729 270 TULLII
747 213 937 272 CICERONIS

266 382 335 426 non
361 361 502 444 poterat:
533 381 629 445 quem
654 363 767 424 temen
793 359 821 424 si
847 359 1060 444 reliquissem,
1083 359 1228 425 dicerent
1273 383 1274 438 1

266 449 370 534 iniqui
396 471 465 514 non
491 470 542 513 me
569 449 666 534 plane
693 451 769 533 post
791 469 926 534 annum,
954 451 992 514 ut
1018 451 1153 513 senatus
1174 470 1226 513 vo·
1273 443 1274 486 ³

266 538 393 622 luisset,
425 538 464 602 de
495 538 662 623 provincia
690 536 878 622 decessisse,
909 538 1062 622 quoniam
1090 538 1226 602 alterum

266 648 318 692 me
341 627 554 711 reliquissem,
576 626 715 692 fortasse
734 625 832 691 etiam
850 625 931 692 illud
949 625 1116 710 adderent,
1139 647 1226 690 sena·
1273 627 1274 712 l

266 719 339 780 tum
361 737 417 781 eos
439 715 580 780 voluisse
599 714 774 799 provinciis
790 735 948 799 praeesse,
970 715 1027 799 qui
1045 717 1146 779 antea
1162 735 1226 779 non
1273 715 1274 778 l

266 803 496 889 praefuissent,
523 803 658 868 fratrem
680 824 788 867 meum
814 803 991 868 triennium
1014 801 1115 868 Asiae
1137 821 1225 887 prae·
1273 789 1274 866 l

266 893 380 975 fuisse3
403 891 539 976 denique
561 913 649 957 nunc
667 891 824 957 sollicitus
843 913 912 956 non
933 912 1019 956 sum:
1042 891 1071 956 si
1093 891 1226 957 fratrem

266 980 480 1066 reliquissem,
514 980 625 1046 omnis
654 980 810 1046 timerem.
858 978 1027 1046 Postremo
1059 1001 1131 1046 non
1161 983 1226 1044 tam
1273 977 1274 1060 l

266 1090 339 1134 mea
353 1071 468 1154 sponte
480 1089 580 1223 guam
597 1069 896 1156 potentissimorum
915 1068 1052 1134 duorum
1071 1069 1225 1153 exemplo,
1273 1061 1274 1100 ¹

267 1158 323 1242 qui
345 1179 457 1224 omnes
507 1159 609 1223 assios
631 1156 858 1242 Antoniosque
882 1157 1040 1242 complexi
1060 1160 1149 1242 sunt,
1170 1156 1225 1221 ho-

265 1247 387 1312 minem
409 1247 646 1312 adolescentem
667 1266 737 1312 non
757 1249 827 1310 tam
849 1245 977 1311 allicere
999 1245 1103 1331 volui,
1131 1265 1225 1330 quam
1273 1303 1274 1306 ,

266 1335 408 1408 alienate
429 1335 531 1400 nolui.
565 1333 638 1400 Hoc
659 1337 697 1398 tu
719 1355 827 1400 meum
849 1334 1020 1400 consilium
1036 1333 1152 1400 laudes
1173 1354 1224 1398 ne·
1273 1307 1274 1386 l

232 1441 356 1492 ecesse
378 1426 436 1508 est,
459 1423 578 1488 mutsri
601 1422 687 1488 enim
709 1443 778 1488 non
798 1425 916 1508 potest
960 1421 1010 1489 De
1033 1421 1147 1489 Ocella
1171 1442 1223 1510 pa·

265 1533 339 1577 rum
361 1511 403 1576 ad
429 1533 481 1576 me
507 1512 604 1597 plane
627 1511 800 1597 scripseras
827 1514 861 1577 et
880 1511 918 1576 in
939 1511 1020 1578 sctis
1046 1533 1117 1578 non
1145 1513 1223 1576 erat:

265 1604 341 1665 tuae
367 1621 419 1665 res
447 1603 557 1686 gestae
583 1601 631 1667 ita
652 1603 750 1666 notae
782 1603 872 1685 sunt,
899 1602 937 1665 ut
962 1603 1055 1666 trans
1082 1603 1223 1668 montem

266 1689 410 1754 Taurum
431 1689 530 1754 otiam
552 1689 591 1754 de
613 1688 768 1755 Matrinio
790 1689 835 1755 sit
854 1687 1009 1755 auditum.
1053 1688 1140 1777 Ego,
1161 1686 1222 1753 nisi

266 1776 344 1863 quid
370 1799 441 1932 ‘ldeb
457 1778 575 1844 etesiae
602 1791 828 1864 moracuntur,
860 1778 1021 1864 celeriter,
1051 1781 1091 1844 ut
1119 1797 1222 1863 spero,

265 1887 324 1932 vos
346 1888 379 1933 u
402 1887 419 1931 e
442 1888 471 1932 o.

1273 1911 1274 1946 l

697 2060 787 2128 XVI.

306 2172 364 2230 Sor.
383 2173 414 2228 in
432 2173 556 2230 Cumano
574 2191 670 2230 mense
688 2172 780 2244 Aprili
798 2173 873 2243 (ΟΜ
892 2171 969 2244 Idus)
988 2189 1013 2228 Β»
1032 2192 1059 2229 ¹¹·
1079 2191 1104 2230 ⁰·
1124 2177 1184 2230 ⁷⁰⁶·

446 2297 484 2352 M.
503 2295 632 2353 CICERO
651 2295 724 2353 IMP.
745 2295 772 2350 S.
790 2295 824 2353 D.
842 2297 879 2354 ll.
899 2295 1038 2354 CAELIO.

232 2417 247 2468 1
331 2394 455 2483 Magno
478 2395 588 2462 dolore
611 2417 662 2460 me
685 2395 868 2462 affecissent
889 2400 966 2462 tuce
991 2397 1135 2484 litterae,
1161 2393 1221 2462 nisi

264 2486 331 2553 iem
363 2489 396 2550 et
425 2485 509 2550 ratio
540 2485 613 2570 ipsa
642 2483 820 2570 depulisset
850 2506 962 2552 omnes
996 2487 1161 2553 molestias
1191 2485 1222 2548 ot
1273 2495 1274 2556 l

265 2574 420 2640 diuturna
441 2574 666 2658 desperatione
683 2595 791 2640 rerum
810 2574 1015 2641 obduruisset
1033 2576 1161 2642 animus
1182 2570 1221 2638 ad

265 2663 411 2730 dolorem
432 2683 566 2748 novum3
588 2663 645 2728 sed
667 2667 793 2748 tamen,
815 2685 914 2749 quare
936 2663 1101 2750 acciderit,
1127 2667 1166 2730 ut
1185 2681 1221 2726 ex
1273 2675 1274 2766 p

265 2753 346 2818 meis
370 2752 588 2837 superioribus
610 2752 727 2818 littoris
749 2751 783 2816 id
806 2753 1018 2838 suspicarere,
1040 2754 1127 2838 quod
1150 2749 1219 2818 scri·
1273 2769 1274 2832 l

265 2841 331 2925 bis,
356 2840 481 2925 nescio,
508 2841 585 2926 quid
612 2841 698 2907 enim
723 2841 760 2906 in
788 2841 852 2906 illis
874 2841 939 2906 fuit
963 2845 1092 2927 praeter
1115 2859 1221 2927 quere·

265 2930 333 2995 lam
364 2929 568 3015 temporum?
600 2952 682 3015 quoe
708 2952 778 2996 non
805 2951 913 2995 meum
944 2930 1089 2996 animum
1120 2927 1221 3014 magis

267 3018 441 3084 sollicitum
453 3017 578 3084 habent
590 3040 688 3104 quem
699 3023 807 3103 tuum3
828 3041 906 3084 nam
919 3040 989 3085 non
1000 3040 1073 3086 eam
1086 3013 1221 3106 cognovi

267 3107 370 3173 eciem
390 3106 515 3193 ingenii
536 3107 599 3192 tui,
621 3106 708 3192 quod
729 3107 798 3193 ipse
820 3107 1020 3194 videam,‘te
1041 3107 1076 3172 id
1098 3112 1137 3175 nt
1157 3123 1221 3172 non

266 3200 379 3284 putem
400 3195 521 3262 videre:
548 3195 629 3262 illud
651 3196 763 3281 miror,
786 3196 902 3262 adduci
927 3196 1072 3282 potuisse
1093 3201 1140 3282 ta,
1168 3191 1221 3279 qui

267 3307 319 3350 me
341 3284 471 3370 penitus
498 3306 594 3351 nosse
622 3285 767 3371 deberes,
798 3289 836 3350 ut
867 3285 1065 3352 existimares
1094 3288 1152 3352 aut
1172 3301 1221 3347 me
1273 3347 1274 3350 ,

266 3377 336 3440 tum
357 3373 587 3461 improvidum,
615 3373 671 3458 qni
693 3374 734 3439 ab
757 3374 896 3439 excitata
916 3374 1050 3440 fortuna
1072 3375 1113 3440 ad
1133 3370 1219 3440 incli-

267 3465 379 3528 natam
415 3466 448 3528 et
482 3484 583 3550 prope
619 3463 778 3528 iacentem
814 3463 1034 3549 desciscerem,
1069 3466 1127 3530 ant
1155 3465 1219 3558 tam
1273 3481 1274 3516 i

267 3551 521 3635 inconstantem,
555 3554 594 3617 nt
629 3553 797 3618 collectam
833 3551 972 3638 gratiam
1006 3549 1220 3620 florentissimi
