2676 3984
233 196 300 261 244
516 174 554 252 'u
574 197 698 252 ronan
715 195 906 254 oroeaonrs

234 341 387 426 quoniam
400 339 533 428 Galliae,
551 365 632 428 quae
650 342 773 408 habent
790 344 1044 430 intercessorem,
1062 345 1097 408 in
1115 365 1191 410 ean·

233 431 307 496 dem
320 431 551 517 condicionem,
565 454 663 517 quam
676 435 799 497 ceterae
812 433 1007 518 provinciae,
1024 436 1191 499 vocantur.

233 519 306 586 Hoc
328 521 409 586 mihi
431 533 500 587 non·
522 524 571 586 est
593 519 740 606 dubium,
767 543 831 606 quo
858 522 919 587 tihi
941 522 1045 607 magis
1069 522 1192 608 scripsi,

198 611 272 679 eut
294 609 335 673 ad
357 610 445 674 hune
468 613 619 676 eventum
639 613 673 674 te
695 631 835 695 parares.
879 609 960 676 Fere
984 611 1101 676 litteris
1124 633 1191 676 om·
1325 605 1326 608 ¹

233 697 330 763 nibus
352 699 413 763 tibi
437 698 475 762 de
498 699 665 784 pantheris
689 699 814 784 scripsi:
843 701 938 784 turpe
964 699 1026 764 tibi
1049 699 1110 764 erit
1130 698 1191 765 Pa·
1325 775 1326 784 χ

234 787 364 852 tiscum·
379 785 513 853 Curioni
544 788 654 853 decem
684 788 860 873 pantheras
892 788 1031 872 misisse,
1062 791 1094 853 te
1123 810 1192 854 non

234 876 344 941 multis
376 877 522 960 partibus
554 878 676 962 plures3
709 898 789 961 quas
815 876 903 962 ipsas
931 874 1028 942 Ourio
1055 876 1136 942 mihi
1159 880 1193 942 et

177 992 180 997 ·
235 965 315 1030 alias
334 963 505 1031 Africanas
529 965 639 1031 decern
662 965 866 1049 ueneritne
889 968 983 1050 putes
1006 965 1098 1030 illum
1119 969 1191 1030 tan-

234 1057 305 1118 turn
327 1055 459 1138 praedia
481 1055 602 1120 rustica
625 1055 701 1119 dare
729 1055 818 1119 scire.
864 1053 927 1138 Tu,
957 1054 985 1119 si
1007 1054 1104 1122 modo
1126 1075 1191 1118 me·

235 1143 339 1208 moria
364 1145 508 1209 tenueris
536 1147 569 1208 et
591 1141 760 1229 Cibyratas
783 1143 964 1208 arcessieris
993 1143 1134 1228 itemque
1156 1143 1192 1208 in

234 1229 460 1317 Pamphyliam
481 1233 606 1298 litteras
629 1233 811 1297 miseris-
824 1253 902 1296 nam
924 1231 970 1297 ibi
992 1232 1100 1318 plures
1120 1231 1192 1316 capi

236 1320 328 1385 aiunt
351 1357 407 1404 -‚
439 1321 525 1404 quod
556 1321 658 1406 voles,
690 1321 818 1385 efficies.
867 1319 939 1386 Hoc
959 1320 1192 1386 'vehementius

234 1409 347 1474 laboro
360 1430 467 1493 -nunc,
489 1409 575 1494 quod
594 1431 721 1475 seorsus
740 1431 760 1472 a
777 1410 903 1495 collega
920 1412 999 1494 puto
1023 1409 1103 1474 mihi
1125 1431 1191 1476 om-

235 1497 291 1561 nia
312 1497 466 1582 paranda.
511 1497 638 1562 Amabo
661 1501 707 1582 te,
729 1499 852 1583 impera
873 1498 935 1562 tibi
956 1498 1027 1564 hoo.
1073 1495 1192 1564 Curare

237 1585 320 1650 soles
342 1586 489 1672 libenter,
511 1590 548 1651 ut
571 1607 631 1671 ego
650 1586 806 1652 maiorem
823 1589 949 1671 partem
966 1587 1049 1652 nihil
1067 1608 1192 1652 curare:

236 1674 272 1738 in
301 1674 364 1740 hoc
395 1675 527 1760 negotio
555 1674 646 1739 nulla
672 1678 730 1740 tua
756 1675 820 1740 nisi
847 1676 1000 1760 loquendi
1028 1697 1106 1740 cura
1135 1680 1193 1760 est,

236 1762 298 1827 hoe
326 1767 375 1828 est
401 1763 581 1849 imperandi
608 1767 641 1828 et
667 1763 856 1849 mandandi,
882 1786 972 1848 nam,
1000 1765 1193 1850 simulatque

237 1854 333 1917 erunt
355 1855 474 1938 captae,
497 1853 552 1937 qui
575 1853 666 1917 alant
683 1874 737 1918 eas
756 1856 789 1918 et
807 1853 987 1938 deportent,
1008 1852 1110 1919 habes
1129 1875 1193 1939 eos,

237 1961 318 2024 quos
345 1941 386 2006 ad
414 1937 587 2021 Sittianam
614 1941 834 2028 syngrapham
859 1942 946 2026 misi3
977 1944 1056 2026 puto
1086 1941 1194 2026 etiam,

237 2029 265 2095 si
287 2031 387 2096 ullam
410 2053 501 2116 spem
523 2030 603 2096 mihi
620 2031 736 2096 litteris
755 2029 943 2114 ostenderis,
965 2051 1016 2095 me
1033 2030 1097 2096 isto
1117 2031 1193 2096 mis·

202 2142 348 2198 4surum
384 2120 474 2185 ahos.
532 2118 576 2185 M.
611 2118 790 2203 Peridium,
825 2119 966 2202 equitem
1000 2119 1194 2204 Romanum,

238 2209 333 2274 amici
354 2209 418 2274 mei
438 2209 550 2293 filium,
571 2208 694 2273 honum
712 2210 745 2272 et
763 2211 930 2272 strenuum
948 2207 1194 2292 adolescentem,

239 2299 294 2382 qui
316 2297 358 2362 ad
381 2320 474 2362 suum
496 2296 665 2382 negotium
691 2296 775 2360 istuc
796 2296 899 2380 venit,
921 2296 981 2361 tibi
1004 2295 1193 2362 commendo

238 2389 272 2450 et
302 2388 335 2450 te
366 2406 462 2471 rogo,
492 2387 530 2448 ut
561 2405 634 2447 eum
665 2385 701 2448 in
730 2387 862 2449 tuorum
892 2405 1026 2450 numero
1057 2384 1194 2452 habeas:

137 2533 142 2546 ·
238 2472 1116 2644 iil?'aillusi⁰lii‘lialbiliillllall'filli
1135 2477 1195 2646 it}

399 2611 409 2644 7

239 2651 407 2715 immunes
422 2670 504 2732 esse3
527 2651 638 2734 gratos
661 2653 695 2713 et
716 2649 820 2714 bonos
843 2651 929 2714 viros
951 2650 1012 2714 tibi
1031 2650 1195 2736 obligaris.

205 2737 325 2804 eNolo
352 2741 386 2803 te
413 2741 527 2823 putare
554 2736 734 2804 Favonium
762 2759 783 2802 a
808 2738 1015 2804 columnariis
1042 2740 1195 2823 praeteri-

240 2832 323 2893 tum:
356 2828 496 2912 optimus
529 2827 662 2911 quisque
690 2848 764 2892 eum
790 2848 858 2891 non
887 2826 973 2891 fecit.
1021 2825 1195 2912 Pompeius

240 2919 316 2981 tuus
335 2919 444 3000 aperte
461 2935 526 2981 nea
542 2916 609 2981 cult
625 2913 796 2981 Caesarem
818 2920 851 2980 et
868 2915 1067 3000 provinciam
1084 2919 1196 2982 tenere

242 3026 315 3070 cum
341 3004 480 3068 exercitu
515 3007 548 3068 et
578 3005 739 3069 consulem
764 3023 841 3080 esse;
872 3003 942 3088 ipse
973 3007 1084 3069 tamen
1110 3005 1196 3070 hanc

242 3093 435 3160 sententiam
457 3091 547 3176 dixit,
568 3093 693 3156 nullum
715 3092 778 3157 hoc
799 3095 944 3177 tempore
966 3095 1097 3158 senatus
1120 3114 1195 3158 con·

242 3185 363 3249 sultum
384 3180 581 3264 iaciendum,
604 3177 711 3265 Scipio
733 3179 831 3265 hane,
853 3184 891 3246 ut
912 3179 984 3245 Kal.
1007 3179 1133 3246 Martiis
1156 3182 1196 3250 de

312 3340 364 3410 Ep.
384 3347 408 3407 9,
423 3345 447 3392 2.
484 3339 571 3402 coca,
588 3353 671 3406 qaum
689 3337 757 3412 (hi).
799 3353 831 3404 c.,
848 3338 881 3392 ie
898 3353 981 3407 qaam
998 3337 1187 3404 Bentivol.,B

244 3416 267 3463 5.
291 3414 382 3479 operte
399 3425 457 3464 aon
472 3410 532 3464 cult
545 3407 687 3462 Gaesarem
766 3409 899 3464 censuum
912 3423 981 3475 essa·
998 3409 1057 3478 obse
1070 3408 1120 3476 (L,
1130 3409 1195 3476 W.).

243 3497 288 3546 op.
309 3480 339 3534 0.
359 3520 383 3532 ..
402 3495 425 3534 e.
444 3495 498 3534 esse
518 3493 576 3533 coc
596 3479 659 3532 cort.
682 3479 739 3547 abac
761 3477 792 3533 Β.
837 3495 883 3548 ap.
902 3477 932 3534 0.
1013 3480 1115 3536 000001.
1139 3480 1198 3550 ipse

243 3548 280 3603 M.
300 3579 334 3590 ·-
347 3550 508 3620 proviaaas
526 3554 613 3605 tecm
630 3547 715 3620 (W.)?
