2644 3988
359 217 618 274 EPISTOLARUM
636 219 683 273 xl.
703 225 815 274 24—27.
1003 215 1067 280 369

108 364 273 432 habebam
286 399 329 411 -
344 367 417 428 aeta
439 364 525 428 enim
548 364 589 428 ad
611 367 644 428 te
662 364 747 428 mitti
768 363 917 446 sciebam,
941 363 1070 428 inanem

108 456 222 518 autem
250 473 432 518 sermonem
462 453 644 517 liiterarum
675 452 736 516 tibi
762 451 972 518 iniucundum
999 471 1069 515 esse

109 541 284 606 audiebam
307 576 367 626 -,
388 541 580 606 brevitatem
604 543 732 605 secutus
756 561 827 606 sum
848 544 881 605 te
905 539 1070 625 magistao.

110 628 201 695 Scito
229 629 329 716 igitur
357 630 392 693 in
414 633 446 694 te
469 633 503 694 et
524 630 560 694 in
580 630 704 714 eollega
727 651 817 713 spem
841 649 970 694 omnem
992 649 1070 694 esse.

110 718 162 783 De
176 717 279 784 Bruto
297 721 405 783 autem
424 718 507 783 nihil
521 718 625 783 adhue
644 716 736 802 eerti3
759 739 854 802 quem
872 739 944 802 ego,
962 737 1070 801 quem·
1089 725 1104 773 2

111 805 287 872 admodum
309 806 477 891 praecipis,
499 807 634 891 privatis
652 806 769 872 litteris
788 806 829 872 ad
847 807 968 874 bellum
986 827 1070 870 eom·

109 916 211 960 mune
233 916 349 961 vocare
371 916 440 960 non
462 895 586 960 desino:
615 895 670 979 qui
691 895 817 960 utinam
844 895 909 960 iam
932 894 1070 960 adesset!

111 984 304 1050 intestinum
336 983 425 1050 urbis
456 984 591 1068 malum,
623 983 709 1068 quod
739 987 882 1048 estnon
903 983 1072 1066 mediocre,

112 1073 222 1138 minus
244 1073 438 1154 timeremus.
484 1070 547 1138 Sed
576 1072 652 1157 quid
675 1071 760 1156 ago?
792 1093 861 1138 non
883 1073 992 1138 imitor
1015 1071 1071 1130 λα-

114 1155 290 1240 κωνισμόν
311 1164 417 1225 tuum:
436 1160 538 1225 altera
555 1161 620 1224 iam
637 1161 767 1246 pagella
783 1159 937 1245 procedit
968 1157 1071 1224 Vin'ee

113 1253 148 1312 et
171 1249 251 1314 vale.
295 1266 378 1314 111111.
402 1249 441 1314 K.
465 1248 615 1325 Quinctil.

531 1443 652 1509 XXVI.

228 1555 285 1610 Sor.
305 1556 336 1610 in.
353 1556 452 1610 eastris
472 1557 518 1610 III.
537 1556 633 1611 Nonas
652 1555 746 1610 lunias
766 1573 789 1610 a.
809 1574 835 1610 u.
854 1573 878 1610 o.
896 1560 956 1610 711.
1061 1549 1068 1564 ‘

319 1679 353 1735 D.
372 1679 515 1736 BRUTUS
535 1679 564 1737 S.
582 1680 614 1734 D.
634 1679 671 1734 Μ.
690 1679 869 1736 CICERONI.

183 1775 227 1844 Ia
249 1779 390 1844 maximo
417 1800 488 1845 meo
516 1780 626 1846 dolore
648 1780 711 1846 hoo
734 1780 850 1845 solatio
873 1783 961 1863 utor,
988 1778 1073 1863 quod

114 1867 305 1952 mtelligunt
335 1868 483 1934 homines
519 1887 587 1933 non
619 1869 688 1932 sine
720 1889 817 1932 eausa
848 1889 899 1932 me
928 1867 1073 1932 timuisse

115 1957 188 2040 ista,
211 1977 293 2039 quae
317 1956 509 2022 aeciderunt.
553 1955 754 2039 Deliborent‚
780 1959 889 2020 utrum
911 1955 1074 2020 traiioiant

115 2043 262 2130 legiones
290 2065 329 2108 ex
354 2044 468 2109 Africa
494 2065 595 2110 neone
623 2047 656 2110 et
683 2066 721 2110 ex
745 2043 907 2128 Sardinia,
934 2047 967 2108 et
993 2043 1073 2108 Bru·

115 2137 188 2198 tum
210 2137 375 2198 arcessant
397 2154 511 2217 neone,
539 2133 676 2198 etmihi
705 2133 899 2217 stipendium
928 2133 1005 2196 dent
1032 2154 1075 2198 an

116 2242 186 2286 non
218 2220 404 2286 decernant:
436 2223 477 2286 ad
509 2225 658 2287 senatum
687 2222 813 2286 litteras
842 2222 923 2286 misi.
974 2219 1074 2286 Crede

117 2307 208 2393 mihi,
225 2309 289 2374 nisi
302 2311 365 2374 ista
379 2312 488 2376 omnia
501 2313 547 2376 ita
564 2311 656 2412 liunt,
674 2309 943 2412 quemadmodum
961 2309 1075 2393 scribo,

117 2418 367 2570 diffidi.
381 2399 872 2574 lllllttttltltttt‘
889 2397 1010 2572 ..ltt
1023 2403 1075 2551 lt

116 2575 263 2659 legiones
296 2575 469 2641 adducant:
502 2580 534 2640 et
565 2576 627 2640 fide
659 2599 740 2661 opus
768 2580 817 2642 est
844 2579 877 2642 et
904 2576 1074 2642 eeleritate.

117 2679 165 2728 111.
188 2661 274 2728 Non.
295 2661 366 2728 Iun.
390 2686 429 2730 ex
451 2666 573 2730 eastris.
640 2706 643 2711 -

526 2858 663 2924 XXVII.

245 2969 302 3024 Sor.
320 2969 350 3024 in
369 2969 527 3026 Tnsoulano
545 2971 578 3025 V.
598 2971 659 3025 Kal.
678 2971 739 3025 Iun.
758 2987 783 3024 a.
803 2987 828 3024 u.
848 2987 871 3026 o.
892 2977 950 3026 710.
1059 2975 1060 2978 ’

416 3095 544 3152 CICERO
563 3095 680 3150 MATIO
700 3095 774 3150 SAL.

186 3190 339 3260 Nondum
359 3195 438 3260 satis
456 3197 619 3280 constitui,
641 3195 849 3260 molestiaene
866 3195 939 3278 plus
959 3214 1001 3256 an
1021 3213 1075 3257 vo·
1095 3205 1108 3252 1

117 3281 254 3366 luptatis
273 3283 419 3348 attulerit
436 3285 516 3348 mihi
530 3285 700 3349 Trebatius
718 3287 838 3366 noster,
859 3282 957 3346 homo
977 3302 1076 3364 quum

118 3369 234 3454 plenus
254 3371 361 3455 officii,
383 3375 452 3436 tum
470 3373 636 3456 utriusque
654 3376 802 3437 nostrum
823 3369 1076 3434 amantissimus:

191 3559 243 3631 Ep.
262 3567 304 3618 26.
342 3579 381 3618 on
398 3579 455 3619 non
472 3565 619 3620 decanum
636 3563 700 3632 (Ns.
737 3579 776 3618 oa
793 3564 848 3620 dee.
867 3562 925 3616 ΜΒ

173 3649 288 3693 ciceroni·
301 3654 367 3703 epus
379 3653 398 3694 L
828 3657 863 3704 24
