2652 3982
372 229 632 287 nrlsronnucm
649 231 723 287 vm.
745 238 786 288 11.
807 237 848 287 ra.
1021 233 1087 298 249

126 376 244 462 primia
266 376 417 442 ludorum
440 377 641 461 explosiones
666 378 699 441 et
724 377 875 442 funerum
898 380 931 442 et
952 378 1087 465 ineptia·

126 488 202 530 rum
226 468 415 549 ceterarum,
435 465 530 550 plura
547 465 702 530 habett
664 487 687 530 u
687 465 770 550 tilia;
793 465 930 549 denique
948 468 1034 532 malo
1052 468 1088 533 111

126 553 215 620 hano
236 557 363 639 partem
387 575 503 638 errare,
525 558 571 638 ut,
594 573 676 638 quae
698 575 766 620 non
784 554 953 639 desideres,
975 555 1088 620 audias

129 663 228 726 quam
260 641 449 727 quidquam,
480 605 571 728 quod
598 664 679 728 opus
714 644 769 728 sit,
785 643 1088 797 praetermittatur.

130 731 205 796 Tibi
229 752 323 796 curae
345 731 446 796 fuisse
473 731 513 796 de
536 728 676 798 Sittiano
699 735 800 818 negot
800 733 832 797 io
856 732 997 818 gaudem
1024 732 1089 818 sed,

130 819 288 922 quoniam
307 819 480 905 suspicaris
506 820 613 885 minus
636 824 724 885 corta
745 820 808 886 fide
831 843 887 888 eos
914 841 989 900 csse,
1015 841 1090 905 qaas

131 908 192 974 tibi
215 909 299 994 misi,
321 912 488 993 tamquam
510 912 709 995 procurator,
732 910 778 975 sic
801 930 889 996 agas,
910 930 1001 996 rogo.

572 1101 647 1169 XII.

268 1213 324 1270 Sor.
344 1215 451 1271 Romae
468 1231 563 1272 mense
583 1215 741 1286 Septembri
760 1233 784 1271 a.
804 1234 830 1271 u.
849 1233 872 1272 o.
893 1222 953 1272 ⁵104.
980 1287 982 1290 Ι

394 1337 546 1396 clatros
566 1338 737 1396 CICERONI
756 1340 831 1396 snt

199 1439 305 1505 Pudet
321 1462 372 1505 mc
390 1427 451 1504 tibi
468 1440 671 1508 confiterit
638 1445 671 1508 et
689 1441 780 1526 quari
800 1440 839 1506 de
857 1439 966 1544 Appii,
988 1440 1091 1508 homi·
1111 1454 1125 1505 1

132 1529 183 1594 nis
203 1528 454 1615 ingratissimi,
445 1530 580 1615 iniuriis,
598 1530 654 1615 qui
671 1551 722 1596 me
741 1530 856 1615 odisse,
878 1531 954 1616 quia
971 1551 1091 1616 magna

132 1617 214 1682 mihi
237 1617 375 1684 debebat
395 1617 560 1703 beneficia,
583 1619 689 1704 coepit
712 1623 753 1704 et,
775 1642 874 1704 quum
896 1620 993 1686 homo
1017 1641 1091 1685 ava

132 1728 198 1791 rus,
220 1708 259 1771 ut
276 1728 315 1772 ea
333 1707 484 1791 solveret,
502 1707 738 1794 aibi1mperare
758 1729 826 1774 non
845 1711 964 1793 posset,
987 1709 1090 1773 occul-

133 1799 205 1860 tum
231 1793 353 1860 bellum
380 1795 459 1860 mihi
481 1795 610 1881 indixit,
640 1797 688 1860 ita
710 1797 816 1862 occult
801 1800 873 1862 tum
898 1800 1023 1880 tamen,
1054 1799 1092 1862 nt

133 1884 228 1949 multi
255 1883 335 1949 mihi
361 1885 586 1952 renuntiarent
613 1885 680 1949 et
672 1907 740 1968 rpse
767 1885 862 1950 facile
892 1885 1091 1950 animadver-

132 1976 236 2038 terem
258 1973 342 2037 male
366 1995 440 2040 eum
462 1974 501 2038 de
519 1995 571 2038 me
589 1973 741 2058 cogitare.
776 1972 992 2057 Posteaquam
1015 1994 1091 2039 vero

133 2061 277 2147 comperi
313 2083 387 2126 eum
422 2063 594 2148 collegium
634 2066 790 2144 tentasse,
831 2061 945 2126 deinde
982 2063 1092 2145 aperta
1147 2066 1150 2072 '

135 2171 209 2214 cum
232 2150 424 2234 quibusdam
445 2150 598 2235 locutum,
621 2171 694 2215 cum
716 2149 752 2214 L.
770 2149 924 2233 Domitio,
946 2151 984 2214 ut
1004 2170 1091 2226 nuno

135 2242 185 2304 est
207 2239 288 2303 mihi
313 2239 534 2305 inimicissimo
557 2239 696 2323 homine,
720 2237 903 2323 deliberare,
926 2237 1007 2303 velle
1029 2236 1092 2302 hoo

135 2328 362 2393 munusculum
393 2328 516 2392 deferre
549 2325 607 2395 On.
638 2328 806 2413 Pompeio,
841 2327 949 2413 ipsum
978 2331 1015 2392 ut
1044 2347 1092 2390 rc·

135 2416 366 2501 prehenderem
394 2419 427 2480 et
454 2417 494 2481 ab
523 2439 560 2482 eo
589 2417 775 2502 deprecarer
800 2417 965 2501 iniuriam,
997 2437 1092 2500 quem

135 2505 236 2570 vitam
259 2504 339 2569 mihi
367 2505 481 2569 debere
508 2508 672 2590 putaram,
702 2507 875 2591 impetrare
905 2527 924 2569 a
951 2525 1002 2568 mc
1025 2525 1093 2570 non

137 2593 237 2677 potui.
292 2592 375 2669 Quid
407 2613 483 2679 ergo
517 2594 588 2659 est?
623 2597 733 2659 tamen
765 2615 838 2659 cum
869 2595 937 2658 eius
970 2593 1127 2676 aliquotr

139 2682 262 2766 amicis,
289 2683 344 2766 qui
371 2685 470 2747 testes
498 2686 591 2747 erant
617 2704 762 2748 meorum
787 2683 823 2748 111
850 2683 942 2746 illum
964 2682 1092 2746 merito·

137 2790 217 2855 rum,
238 2771 328 2836 locut
329 2793 367 2835 us
391 2793 470 2836 sum.
510 2771 590 2837 Post
575 2774 726 2856 teaquam
748 2771 840 2835 illum
862 2793 903 2834 ne
927 2770 979 2835 cui
1001 2769 1092 2834 satis·

136 2857 258 2924 faceret
290 2859 419 2961 quidem
455 2882 506 2924 me
543 2860 677 2946 dignum
707 2858 826 2924 habere
858 2858 958 2942 sensi,
993 2858 1093 2922 malui

137 2948 280 3034 collegae
312 2948 393 3033 eius,
421 2949 546 3014 homini
578 2948 772 3013 alienissimo
801 2950 834 3012 et
819 2946 940 3011 tmihi
960 2949 1094 3031 propter

138 3037 313 3101 amicitiam
335 3039 426 3102 tuam
448 3059 516 3102 non
539 3036 741 3122 aequissimo,
763 3059 814 3101 me
833 3037 977 3122 obligare
997 3056 1094 3119 quam

137 3125 223 3190 illius
251 3126 362 3190 simiae
394 3126 464 3191 vult
450 3130 519 3192 tum
546 3127 662 3191 subire.
710 3123 749 3190 Id
775 3127 948 3210 postquam
976 3122 1094 3207 resciit,

138 3213 310 3278 excanduit
345 3217 379 3280 et
413 3235 465 3281 me
502 3236 632 3281 oausam
665 3215 905 3280 inimicitiarum
942 3232 1093 3296 quaerere

208 3441 259 3512 Ep.
281 3449 323 3510 11,
337 3449 362 3497 4.
399 3443 453 3510 atde
471 3459 514 3499 eoa
531 3459 598 3511 aare,
589 3449 738 3584 ,quoad
746 3443 810 3496 mici
833 3439 900 3509 (W.)
941 3439 962 3506 f.
981 3437 1095 3494 costati

138 3511 208 3566 virm
225 3513 263 3568 Μ.
299 3513 402 3582 ficare,
420 3519 523 3586 quast.
542 3515 606 3570 miri
686 3513 709 3568 E
754 3518 835 3580 lm
864 3516 889 3568 et
904 3509 1094 3582 mihiprcptcr

138 3581 213 3653 (Wn)
250 3584 479 3654 mibietprwlt
498 3585 592 3655 vulgo.
