2556 3986
246 231 310 296 508
528 231 565 286 Μ.
585 231 708 286 TULLII
726 230 917 288 CICERONIS

245 380 279 442 et
300 379 407 444 castra
428 377 513 461 apud
536 375 762 460 Epiphaneam
784 376 947 461 fecissem,
969 397 998 442 a
1021 375 1051 442 d.
1073 394 1137 442 mr.
1162 377 1210 442 Id.

245 463 329 550 Oct,
354 487 454 550 quum
481 465 772 549 advesperasceret,
803 465 951 550 expedito
983 466 1127 532 exercitu
1162 467 1210 531 ita

244 557 342 620 noctu
360 554 422 620 itet
439 554 511 638 feci,
532 556 570 618 ut
587 575 615 618 a
633 552 726 620 d.111.
745 553 791 618 Id.
806 551 885 639 Oct,
908 575 1007 638 quum
1026 554 1210 638 luciseeret,

243 642 279 708 in
305 641 469 708 Amanum
496 641 714 727 ascenderem,
742 642 984 726 distributisque
1014 642 1209 710 cohortibus

244 733 278 796 et
309 727 459 815 auxiliis,
484 751 585 814 quum
615 731 686 794 aliis
718 729 754 807 Q.
784 731 887 795 stater
916 731 1044 815 legatus
1077 753 1209 796 mecum

244 819 354 903 simul,
376 818 448 884 aliis
471 816 505 884 Ο.
527 817 719 902 Pomptinus
744 818 888 904 legatus,
911 819 1044 904 reliquis
1067 818 1113 884 ln
1138 819 1208 884 An·

243 906 388 973 ueiuset
402 903 442 972 Ia
461 907 585 972 Tullius
602 907 704 993 legati
720 910 920 992 praeessent,
939 908 1111 992 plerosque
1132 930 1208 973 neo·
1263 909 1264 990 l

244 996 414 1080 opinantes
450 996 681 1081 oppressimus,
717 996 773 1080 qui
804 995 901 1062 causi
935 995 1085 1080 captique
1119 1002 1209 1080 sunt,
1263 995 1264 1050 l

208 1101 224 1148 a
242 1084 410 1150 interclusi
431 1083 524 1170 fuga,
551 1081 695 1150 Eranam
718 1087 837 1168 autem,
858 1104 940 1168 quae
962 1084 1026 1148 fuit
1048 1105 1119 1150 non
1144 1086 1208 1150 vici

242 1174 360 1258 instar,
389 1173 446 1238 sed
467 1173 565 1256 urbis,
588 1173 675 1257 quod
697 1176 767 1238 erat
789 1171 910 1238 Amani
932 1175 1038 1257 caput,
1059 1172 1208 1258 itemque
1262 1193 1264 1270 ;

243 1259 400 1346 Sepyram
422 1264 455 1326 et
477 1259 687 1340 Commorim,
709 1262 825 1326 acritm
848 1265 882 1326 et
903 1261 960 1326 diu
980 1267 1207 1346 repugnantes
1262 1285 1264 1372 p

242 1349 415 1434 Pomptino
437 1351 527 1414 illam
549 1352 675 1433 partem
696 1347 817 1414 Amani
838 1352 984 1434 tenente
1009 1371 1049 1414 ex
1077 1352 1206 1416 antelu-
1262 1373 1264 1432 ξ

243 1459 325 1503 cuno
347 1441 492 1522 tempore
509 1459 612 1521 usque
630 1437 671 1502 sd
688 1437 803 1504 horam
822 1436 885 1502 diei
903 1456 935 1502 r.
953 1457 1074 1523 magna
1094 1440 1206 1504 multi·
1262 1433 1263 1436 '

242 1527 356 1592 tudine
378 1525 521 1592 hostium
544 1527 649 1592 occisa
672 1526 814 1610 cepimus
833 1526 1027 1610 castellaque
1049 1527 1083 1592 ui
1107 1532 1207 1612 capta

243 1615 411 1699 complura
436 1614 646 1680 incendimur.
690 1613 751 1680 His
778 1615 874 1680 rebus
896 1615 944 1679 ita
970 1614 1072 1700 gestis
1096 1621 1206 1681 casus

242 1703 278 1768 in
300 1702 460 1770 radicibus
478 1701 600 1768 Amani
621 1703 793 1770 habuimus
816 1702 902 1787 apud
920 1701 1005 1768 Aras
1023 1701 1205 1770 Alexandri

243 1791 450 1876 quatriduum
472 1795 506 1856 et
527 1791 563 1856 in
579 1791 724 1876 reliquiis
742 1789 862 1856 Amani
882 1791 1026 1856 delendis
1049 1793 1206 1878 agrisque

242 1880 423 1964 vashndis,
452 1901 533 1965 quae
560 1901 636 1965 pars
664 1879 732 1948 cius
754 1879 875 1946 montis
897 1901 988 1946 meae
1014 1881 1204 1963 provinciae

192 1981 225 2032 ιο
244 1973 303 2053 est,
323 1969 357 2034 id
379 1972 507 2054 tempus
530 1989 625 2034 omne
649 1969 916 2053 consumpsimus.
961 1965 1127 2036 Confectis
1153 1970 1204 2035 his

242 2057 339 2122 rebus
375 2058 416 2122 ad
452 2057 608 2142 oppidum
638 2055 943 2122 Eleutherocilicum
973 2055 1204 2124 Pindenissum

243 2146 417 2212 exercitum
449 2146 580 2229 adduxi,
611 2145 697 2228 quod
729 2167 829 2230 quum
861 2148 946 2210 esset
977 2145 1138 2224 altissimo
1173 2151 1205 2212 et

241 2234 459 2302 munitissimo
481 2235 553 2301 loco
572 2233 615 2298 ab
636 2233 739 2317 iisque
752 2233 955 2317 incoleretur,
978 2233 1033 2316 qui
1055 2252 1100 2298 ne
1119 2237 1204 2319 regi-

242 2322 304 2388 bus
325 2323 454 2406 quidem
476 2343 630 2406 umquam
652 2321 844 2406 paruissent,
866 2343 965 2406 quum
987 2325 1021 2385 et
1043 2321 1204 2406 fugitivos

241 2412 422 2494 reciperent
454 2414 488 2474 et
517 2409 712 2476 Parthorum
748 2410 922 2474 adventum
958 2409 1114 2476 acerrime
1153 2433 1204 2476 ex·

243 2500 439 2582 spectarent,
461 2499 505 2564 od
525 2498 794 2562 existimationem
815 2497 943 2582 imperii
964 2498 1130 2581 pertinere
1155 2523 1204 2563 ar·

242 2585 381 2652 bitratus
404 2607 476 2652 sum
499 2587 707 2670 comprimere
731 2607 842 2652 eorum
865 2585 1131 2671 audaciamque
1156 2589 1204 2652 fa·

243 2673 334 2740 cilius
357 2674 456 2740 etiam
478 2677 656 2740 ceterorum
680 2673 793 2759 animi,
820 2673 875 2757 qui
902 2674 999 2740 alieni
1026 2678 1139 2740 essent
1164 2678 1204 2740 ab

241 2762 376 2847 imperio
394 2766 517 2847 nostro,
538 2763 778 2848 frangerentur:
801 2762 886 2827 vallo
905 2766 938 2826 et
954 2761 1045 2828 fossa
1064 2763 1204 2830 eircum-

243 2850 328 2934 dedi3
351 2873 407 2918 sex
420 2851 561 2918 castellis
575 2851 752 2935 castrisque
767 2848 914 2914 maximis
929 2850 1050 2934 saepsi;
1071 2872 1205 2936 aggere,

241 2939 354 3023 vineis,
372 2939 515 3004 turribus
529 2939 716 3026 oppugnari
734 2959 874 3022 ususque
892 2939 1064 3004 tormentis
1076 2941 1204 3024 multis,

242 3027 352 3092 multis
375 3027 551 3112 sagittariis
573 3047 693 3112 magno
716 3027 827 3092 labore
848 3047 930 3110 meo,
953 3026 1023 3091 sine
1045 3027 1117 3092 ulla
1133 3049 1204 3094 mo·

241 3115 337 3180 lestis
368 3117 538 3198 sumptuve
569 3116 730 3182 sociorum
761 3114 898 3200 septimo
929 3114 1204 3200 quinquagesimo

312 3287 365 3358 Ep.
384 3294 409 3354 4,
424 3296 449 3344 9.
485 3294 668 3359 rcpupacatee
689 3289 740 3358 (Ia,
758 3289 814 3357 W,
832 3289 883 3358 Β.).
923 3289 1146 3358 repummatcbas
1166 3291 1204 3344 ll.

242 3359 460 3443 sepapaoatibuc
486 3361 635 3430 oppidanis
658 3359 743 3444 (W3)?
789 3361 834 3414 An
857 3376 881 3413 r.
905 3359 1028 3414 hostibus
1051 3357 1141 3428 (Or.)?
1170 3391 1204 3401 -

243 3431 343 3484 uaeas
368 3429 493 3498 (Graan
540 3435 580 3485 10.
609 3430 715 3513 obduco
734 3429 821 3498 (W.)?
844 3461 878 3470 -
901 3429 1009 3513 frange
1030 3429 1106 3503 colle
1125 3430 1204 3500 (Ν).

241 3499 278 3623 ξπ.
290 3499 563 3641 Μναίῑοενῗςεωῖο
574 3504 728 3570 sandaraca
745 3516 844 3570 macac
923 3515 1058 3556 coconem
1074 3515 1098 3555 a.
1125 3501 1177 3569 (W
1178 3505 1205 3571 ‚t

257 3610 274 3637 .,
403 3609 419 3639 .,
451 3612 458 3624 .
565 3609 571 3624 .
