2578 3982
191 231 192 236 =
247 273 506 330 EPISTOLARUM
523 274 572 329 AD
592 274 621 340 Q.
642 273 819 328 FRATREM
836 273 884 328 Ill.
905 277 930 327 2.
998 271 1063 335 629

110 442 177 484 non
200 421 275 484 tulit
303 423 336 483 et
362 441 413 484 me
439 421 590 485 trementi
614 440 691 484 voce
715 419 855 484 exsulem
882 418 1065 504 appellavit.

109 507 237 571 Hie-
266 508 354 572 odil
391 508 473 572 nihil
499 530 651 592 umquam
680 507 943 574 honorificentius
971 505 1065 570 nobis

111 595 228 660 accidit
241 631 283 642 -
299 597 498 661 consurrexit
512 600 643 661 senatus
662 618 734 660 eum
748 597 886 664 clamore
906 595 947 659 ad
965 616 1066 659 unum

112 685 171 766 sie,
197 687 235 748 ut
258 685 298 747 ad
322 705 437 770 eorpus
461 686 528 749 eius
556 685 732 769 accederet,
759 685 830 769 pari
857 684 995 749 clamore
1019 685 1065 746 at

112 794 173 855 que
196 773 319 857 impetu
341 773 513 857 publicani.
559 773 641 849 Quid
666 773 813 857 quaeris?
837 775 1066 855 1111111111-

113 882 209 944 quam
241 861 268 925 si
300 864 336 925 tu
370 883 470 946 esses,
505 863 552 926 ita
584 863 723 927 fuerunt.
776 860 867 926 Nihil
897 860 1067 925 hominum

113 971 258 1014 sermone
289 950 369 1014 foris
402 950 527 1015 clarius,
577 949 650 1036 Ego
679 954 789 1015 tamen
819 970 867 1014 me
897 952 992 1013 teneo
1025 948 1066 1012 ab

113 1039 308 1122 accusando,
344 1039 398 1102 rix
429 1038 624 1122 mehercule,
655 1038 711 1102 sed
742 1042 852 1102 tamen
879 1040 989 1120 teneo,
1016 1036 1067 1101 vel

113 1125 198 1210 quod
221 1127 297 1190 nolo
317 1148 391 1190 eum
408 1126 561 1212 Pompeio
582 1147 783 1212 pugnare-
799 1126 878 1190 satis
901 1130 959 1209 est,
982 1123 1068 1209 quod

112 1216 214 1279 instat
237 1215 275 1278 de
298 1214 420 1280 Milone
441 1251 493 1299 -,
516 1216 567 1280 111
590 1216 675 1300 quod
697 1215 818 1279 iudices
840 1215 948 1279 nullos
970 1213 1067 1277 habe-

112 1325 193 1370 mus.
235 1297 438 1388 Ἁπότευγμα
461 1304 614 1388 formido,
641 1304 724 1368 addo
752 1304 850 1369 1111111
876 1302 1069 1367 malevolen-

113 1393 193 1454 tiam
214 1391 398 1476 hominum,
420 1397 453 1457 et
474 1393 588 1477 timeo,
609 1413 650 1458 ne
674 1393 722 1456 illi
744 1413 795 1456 1111
819 1395 989 1456 accusante
1013 1389 1068 1454 111-

114 1480 191 1562 quid
214 1481 349 1565 accidat,
377 1503 437 1548 nee
459 1481 593 1566 despero
620 1503 688 1546 rem
711 1486 744 1545 et
767 1482 834 1545 sine
865 1501 916 1544 me
939 1485 1069 1544 1111111-

113 1568 198 1632 nihil
228 1591 286 1654 per
317 1592 368 1634 me
400 1570 514 1636 confici
542 1592 645 1656 posse.
695 1569 745 1635 De
769 1569 891 1633 ambitu
914 1567 1096 1652 postulatis

114 1659 191 1720 sunt
223 1679 347 1742 omnes,
378 1660 434 1741 qui
465 1660 668 1724 consulatum
699 1661 827 1743 petunt:
866 1679 885 1721 1
916 1656 1069 1721 Memmio

114 1745 286 1828 Domitius,
310 1767 329 1808 a
348 1745 384 1820 Q.
403 1747 530 1829 Acutio,
551 1747 638 1810 bono
662 1749 695 1810 11
713 1746 837 1810 erudito
859 1743 1071 1827 adolescente,

114 1831 299 1915 Memmius,
327 1833 405 1908 au.
428 1831 581 1916 Pompeio
603 1831 757 1916 Messala,
784 1855 803 1896 1
827 1832 950 1896 Triario
975 1829 1070 1896 Scau·

115 1941 180 1984 rus.
224 1918 346 2004 Magno
374 1941 425 1984 res
452 1922 488 1985 in
510 1925 601 1985 motu
624 1925 686 2004 est,
712 1924 884 2004 propterea
906 1920 991 2004 quod
1015 1924 1071 1985 aut

114 2007 284 2072 hominum
317 2012 374 2072 1111
404 2009 512 2094 legum
543 2009 692 2074 interitus
726 2008 913 2074 ostenditur.
965 2006 1071 2092 Opera

116 2097 220 2180 datur,
242 2100 279 2160 ut
301 2096 419 2161 iudicia
441 2119 482 2162 ne
504 2097 594 2161 fiant.
629 2097 694 2162 Res
716 2097 843 2162 videtur
863 2099 1007 2181 spectare
1031 2097 1071 2161 ad

116 2186 348 2269 interregnum.
385 2183 540 2250 Consules
563 2185 693 2250 comitia
714 2185 833 2250 habere
857 2185 1003 2269 cupiunt,
1025 2185 1072 2249 rei

116 2273 234 2337 nolunt
256 2276 289 2338 et
306 2274 443 2337 maxime
462 2272 641 2358 Memmius,
664 2273 750 2357 quod
769 2270 913 2338 Caesaris
932 2273 1072 2338 adventu

117 2382 151 2425 se
175 2365 284 2445 sperat
305 2362 451 2425 futurum
475 2363 653 2446 consulem,
676 2361 731 2426 sed
753 2362 871 2428 mirum
888 2361 924 2426 in
942 2362 1073 2426 modum

115 2450 209 2514 iacet.
258 2447 421 2515 Domitius
449 2472 522 2515 111111
548 2449 688 2514 Messala
715 2453 820 2514 eertus
848 2471 916 2514 esse
944 2450 1072 2514 videba-

115 2543 183 2620 tur3
211 2536 349 2604 Scaurus
377 2539 553 2603 refrixerat.
602 2539 729 2623 Appius
759 2539 827 2603 sine
855 2540 926 2624 lege
950 2539 1073 2604 curiata

116 2626 288 2690 confirmat
310 2647 344 2691 se
367 2625 505 2692 Lentulo
528 2631 640 2693 nostro
665 2649 897 2710 successurum
927 2629 981 2710 qui
1004 2628 1073 2711 qui-

117 2713 192 2777 dem
218 2714 371 2778 mirificus
397 2715 454 2779 illo
482 2715 546 2797 die,
576 2715 661 2799 quod
689 2737 791 2799 paene
818 2715 981 2798 praeterii,
1010 2716 1074 2778 fuit

115 2803 153 2865 in
185 2800 370 2867 Gabinium:
406 2804 568 2866 accusavit
598 2802 788 2885 maiestatis,
824 2802 957 2866 nomina
989 2802 1074 2887 data,

116 2911 218 2974 quum
240 2891 294 2954 ille
322 2890 456 2955 verbum
483 2891 616 2954 nullum.
667 2889 777 2954 Habes
804 2889 958 2954 forensia:
986 2890 1074 2955 domi

115 2981 204 3044 recte
237 2982 299 3060 est,
328 2978 401 3062 ipsa
433 2978 546 3042 domus
578 3000 598 3044 a
628 2977 884 3064 redemptoribus
915 2981 1092 3044 tractatur

115 3087 186 3131 non
208 3065 422 3150 indiligenter.
