2676 3984
375 183 635 244 EPISTULARUM
652 186 727 242 VIII.
747 192 788 242 15.
808 191 850 242 lt.
1026 184 1093 250 2ῧὸ

571 435 660 502 XVI.

263 545 321 605 eur.
341 564 436 604 meuse
455 547 547 619 Aprili
565 549 687 618 (circIter
704 547 755 618 Id.)
775 565 799 604 a.
818 565 845 604 u.
864 565 888 605 c.
908 553 968 606 ⁷05.
1013 549 1014 552 ’

343 693 344 696 ’
394 671 547 728 CAELIUS
566 671 737 730 CICERONI
756 673 832 728 SAL.

203 771 417 838 Exanimatus
447 773 514 838 tuis
542 773 672 857 litteris,
704 773 821 857 quibus
851 777 884 839 te
916 773 1000 840 nihil
1029 774 1128 841 nisit

135 861 230 928 triste
252 861 395 947 cogitare
419 860 588 928 ostendisti
610 883 723 947 neque,
744 863 779 928 id
801 862 878 947 quid
900 867 998 947 esset,
1024 885 1093 948 per-

136 949 295 1035 scripsisti
316 972 421 1035 neque
443 972 512 1016 non
528 954 648 1034 tamen,
671 951 765 1036 quale
784 955 878 1036 esset,
899 952 985 1035 quod
1009 952 1094 1037 cogi·

135 1043 233 1123 tares,
256 1039 420 1124 aperuisti,
437 1038 497 1104 has
515 1039 557 1104 ad
574 1043 607 1104 te
625 1040 711 1104 illico
730 1039 855 1104 litteras
875 1041 998 1124 scripsi.
1032 1040 1095 1106 Per

137 1127 288 1195 fortunas
318 1131 406 1211 tuas,
438 1125 565 1212 Cicero,
594 1149 652 1212 per
683 1127 803 1194 liberos
833 1131 867 1192 te
898 1149 956 1194 oro
984 1132 1017 1193 et
1039 1129 1095 1194 ob·

137 1238 243 1300 secro,
272 1237 314 1282 ne
346 1217 423 1301 quid
451 1218 581 1302 gravius
608 1216 648 1281 de
680 1217 783 1282 salute
815 1219 848 1282 st
873 1217 1094 1283 incolumitate

136 1307 197 1372 tua
223 1305 387 1389 consulas3
413 1327 490 1371 nam
517 1306 595 1372 deos
621 1305 832 1390 hominesque
859 1306 1095 1390 amicitiamque

6 1393 7 1400 '
138 1396 285 1460 nostram
306 1394 461 1460 testificor
483 1415 535 1460 me
557 1395 618 1460 tibi
635 1394 831 1480 praedixisse
847 1417 953 1480 neque
975 1399 1095 1461 temere

138 1482 313 1567 monuisse,
334 1482 399 1567 sed,
421 1485 594 1568 postquam
610 1480 779 1550 Gaesarem
796 1484 1000 1551 convenerim
1024 1507 1096 1549 sen·

138 1571 339 1655 tertiamque
362 1572 445 1656 cius,
472 1572 576 1656 qualis
598 1572 708 1638 futura
730 1575 815 1638 esset
836 1576 931 1658 parta
953 1573 1096 1658 victoria,

139 1661 356 1746 cognoverim,
378 1663 411 1725 te
434 1661 602 1726 certiorem
619 1661 742 1726 fecisse.
778 1659 813 1728 Si
836 1663 998 1727 existimas
1020 1683 1096 1728 ean·

139 1748 213 1813 dem
240 1749 400 1814 rationem
426 1749 497 1815 iore
524 1747 670 1815 Caesaris
697 1750 733 1816 in
759 1749 958 1816 dimittendis
986 1751 1096 1816 adver·

140 1837 235 1902 sariis
268 1841 301 1902 et
331 1837 573 1904 condicionibus
602 1838 756 1922 ferendis,
786 1861 886 1904 erras:
919 1839 1003 1903 nihil
1032 1839 1097 1904 nisi

139 1929 235 1991 atrox
257 1928 290 1990 et
312 1949 443 1992 saevum
465 1927 588 2012 cogitat
610 1929 706 2010 atque
729 1927 827 1992 etiam
853 1927 1008 2011 loquitur:
1034 1927 1096 1992 ira-

139 2018 195 2080 tus
221 2015 350 2080 xsenatui
382 2015 471 2099 exiit,
502 2015 554 2080 his
580 2015 864 2082 intercessionibus
895 2015 992 2100 plane
1018 2015 1097 2080 inci·

138 2107 230 2168 tatus
258 2107 320 2188 est3
350 2125 419 2170 non
445 2104 643 2170 mehercules
668 2104 731 2169 erit
752 2104 969 2188 deprecationi
998 2103 1097 2170 locus.

140 2189 258 2277 Quare,
279 2192 307 2257 si
329 2192 390 2257 tibi
411 2196 457 2276 tu,
480 2193 508 2258 si
529 2193 616 2258 filius
638 2193 761 2278 unicus,
784 2193 811 2258 si
827 2191 951 2278 domus,
973 2191 1001 2256 si
1023 2205 1131 2277 spese

139 2285 218 2346 tuae
248 2281 390 2365 reliquae
421 2281 483 2346 tibi
514 2303 607 2348 carae
638 2285 728 2366 sunt,
754 2281 782 2346 si
808 2281 929 2366 aliquid
956 2280 1042 2366 apud
1061 2285 1097 2346 te

139 2391 216 2454 nos,
242 2370 271 2434 si
293 2370 342 2436 vir
364 2370 519 2455 optimus,
546 2392 645 2457 gener
666 2373 758 2454 tuus,
780 2371 938 2455 valemus,
961 2391 1098 2455 quorum

139 2457 308 2523 fortunam
329 2480 399 2524 non
421 2459 518 2524 debes
540 2461 621 2525 velle
644 2460 849 2543 conturbare,
871 2463 910 2524 ut
931 2480 1003 2524 eam
1025 2481 1097 2525 cau·

141 2568 225 2631 sam,
252 2547 288 2612 in
310 2547 400 2613 cuius
427 2548 562 2612 victoria
584 2550 671 2613 salus
693 2551 806 2614 nostra
829 2551 891 2631 est,
914 2548 1018 2614 odisse
1041 2551 1099 2613 aut

140 2635 322 2719 relinquere
346 2657 500 2722 cogamur
523 2640 580 2701 aut
600 2637 733 2722 impiam
754 2637 962 2722 cupiditatem
985 2640 1098 2701 contra

142 2724 281 2789 salutem
306 2727 398 2788 tuam
423 2725 600 2790 habeamus
622 2749 679 2809 -3
706 2725 843 2809 denique
869 2724 950 2789 illud
977 2725 1097 2809 cogita:

143 2812 230 2896 quod
254 2811 394 2878 offensae
416 2813 515 2878 fuerit
536 2813 572 2876 in
590 2813 652 2877 ista
671 2813 884 2897 cunctatione,
906 2815 939 2877 te
962 2813 1099 2898 subisse,

142 2922 230 2964 nunc
260 2904 294 2965 te
322 2905 436 2966 contra
466 2901 620 2966 victorem
652 2899 822 2967 Gaesarem
852 2901 972 2986 facere,
1003 2923 1099 2986 quem

143 2988 250 3054 dubiis
272 2989 368 3054 rebus
390 2990 516 3056 laedere
538 2990 681 3074 noluisti,
703 2995 736 3054 et
758 2989 799 3055 ad
822 3011 876 3056 eos
894 2990 1026 3077 fugatos
1049 3011 1099 3054 ac·

143 3077 268 3162 cedere,
304 3099 385 3162 quos
421 3079 607 3145 resistentes
643 3079 734 3163 sequi
768 3079 924 3164 nolueris,
956 3099 1098 3143 summae

142 3166 302 3232 stultitiae
325 3170 383 3232 est.
418 3166 512 3252 Vide,
533 3189 585 3252 no,
606 3167 683 3234 dum
705 3168 805 3252 pudet
826 3171 859 3234 te
878 3189 994 3252 pamm
1017 3165 1098 3250 opti·

214 3322 377 3392 Ep.1b,1.
419 3325 494 3380 illico
513 3325 573 3392 (Ma
593 3325 630 3380 ad
647 3325 706 3380 Att.
724 3324 763 3393 X,
783 3330 808 3393 9,
826 3324 876 3393 A),
899 3323 993 3394 vulgo.
1035 3323 1099 3376 ile'co

141 3392 181 3476 bi.
200 3395 230 3448 et
247 3395 296 3448 Ml
317 3393 363 3463 (ad
381 3395 461 3479 etth),
480 3394 510 3450 B.
536 3401 559 3450 2.
580 3393 728 3450 babeamus
745 3415 794 3462 —;
812 3397 872 3450 deo.
890 3393 938 3462 (W
940 3398 965 3460 .).
1001 3393 1026 3447 b.
1045 3393 1099 3448 Da·
