2578 3982
198 146 458 240 nersronmun
476 184 525 240 Au
545 184 576 251 o.
595 185 772 240 sennenn
790 186 823 240 11.
844 192 885 240 10.
907 192 947 240 ιι.
1002 184 1067 250 609
1137 217 1148 226 .

113 328 230 395 fiducia
257 330 478 414 conturbaret,
504 329 630 414 lusique
657 329 693 396 in
715 351 753 396 eo
777 350 894 415 genere
921 333 955 395 et
976 329 1068 396 femi·

4 401 10 438 ³
113 418 237 482 liariter
260 421 293 482 et
316 438 388 483 eum
415 416 583 503 dignitate.
627 417 730 483 Amor
757 421 866 483 autem
894 419 962 484 eius
992 439 1070 504 erga

112 527 174 572 nos
206 505 366 590 perfertur
393 506 537 573 omnium
568 507 691 572 nuntiis
723 507 910 592 singulatim
942 507 1069 572 litterae

112 593 245 678 quidem
268 593 308 660 ed
331 593 373 676 id,
396 593 482 677 quod
506 598 681 679 exspectas,
702 594 770 660 fere
789 616 862 659 oum
884 598 941 660 tuo
964 594 1069 660 reditu

112 681 298 767 iungentur.
347 681 484 766 Reliqua
511 683 712 768 singulorum
743 682 867 748 dierum
895 682 1070 748 scribemus

3 788 17 856 ‘j
114 769 156 836 ed
179 776 221 854 te,
244 770 271 835 si
293 769 390 836 modo
412 771 597 838 tabellarios
616 774 653 838 tu
670 771 852 855 praebebis:
875 792 1071 855 quamquam

3 862 17 948 χ’
114 857 273 926 eiusmodi
294 858 399 944 frigus
418 859 634 944 impendebat,
654 862 692 926 ut
710 861 871 926 simmum
892 860 1071 944 periculum

2 955 12 1038 ss
113 950 209 1032 esset,
230 967 272 1017 ne
295 945 404 1032 Appio
428 967 504 1014 sues
528 948 623 1017 sedes
647 950 825 1022 urerentur.

495 1139 552 1206 XI.
577 1137 693 1227 [XIII]

194 1249 252 1308 Ser.
271 1251 378 1308 Romae
395 1266 421 1306 s.
440 1251 467 1306 d.
486 1251 558 1306 XVI.
577 1251 640 1309 Kal.
659 1252 867 1308 Martiarum
886 1267 909 1306 o.
929 1257 989 1308 τοο.

262 1373 410 1432 MARCUS
429 1375 567 1442 QUINTO
586 1375 723 1432 FRATRI
743 1374 923 1432 SALUTEM.

182 1475 253 1545 Risi
274 1476 399 1562 ,mirem
422 1475 554 1561 utrem“,
577 1480 673 1560 teque
696 1477 792 1544 hilari
815 1477 923 1542 animo
948 1497 1017 1552 esse
1039 1478 1096 1542 etr

1 1567 11 1607 -·'·
113 1567 266 1650 prompto
295 1565 336 1630 cd
362 1564 534 1632 iocandum
562 1565 655 1631 valde
681 1587 733 1630 me
760 1565 858 1630 iuvat.
903 1564 952 1629 De
978 1563 1071 1630 Pom·

5 1657 11 1695 ³
113 1653 188 1738 peio
221 1653 380 1720 assentior
410 1653 484 1736 tibi,
516 1655 567 1719 vel
593 1657 630 1718 tu
661 1653 770 1737 potius
798 1653 891 1736 mihi3
918 1674 1009 1736 nam,
1035 1656 1073 1720 ut

1 1751 9 1787 ὲ
115 1742 193 1824 scis,
214 1739 404 1823 iampridem
426 1741 525 1805 istum
548 1744 644 1805 cento
665 1737 846 1804 Caesarem:
869 1740 949 1804 mihi
972 1740 1073 1823 crede,

1 1960 3 1967 ·
115 1915 207 1982 Idus:
240 1913 381 1983 decimus
413 1917 483 1980 erat

7 1835 11 1873 :
116 1828 153 1894 in
176 1827 249 1892 sinu
272 1829 334 1911 est,
362 1847 466 1911 neque
494 1847 554 1980 ego
578 1827 750 1911 discingor.
795 1825 962 1912 Cognosce
985 1847 1099 1892 nuncr

532 1915 631 1980 celio.
648 1914 728 1997 diss,
759 1913 921 1980 Domitius
952 1915 1073 1980 iudices

116 2004 351 2069 adnumerum
372 2024 441 2068 non
465 2002 589 2068 habuit.
633 1999 772 2086 Vereor,
799 2024 840 2067 ne
869 2003 968 2068 homo
990 2007 1073 2074 teter

2 2103 8 2140 ³
115 2095 151 2156 et
167 2092 264 2176 ferus,
281 2090 362 2156 Polo
380 2089 518 2175 Servius,
537 2090 577 2155 ed
596 2091 834 2155 recusationem
851 2092 973 2174 veniat3
995 2113 1073 2156 nam

115 2183 228 2245 noster
254 2176 380 2243 Caelius
412 2178 505 2243 valde
538 2182 745 2264 oppugnetur
778 2201 797 2242 e
826 2183 923 2264 gente
951 2177 1072 2244 Clodia.

1 2336 3 2343 ,
116 2265 205 2332 Certi
227 2267 310 2331 nihil
332 2269 382 2331 est
404 2267 521 2350 adhuc,
550 2265 605 2330 sed
628 2288 782 2331 veremur.
826 2265 951 2332 Eodem
973 2267 1073 2352 igitur

116 2355 168 2420 die
192 2354 296 2439 Tyriis
328 2357 378 2419 est
409 2359 540 2420 senatus
571 2354 666 2419 dotus
697 2355 861 2438 frequens,
888 2355 1073 2439 frequentes

1 2495 2 2518 2
115 2446 231 2509 contm
253 2441 375 2528 Syriaci
397 2443 571 2527 publicani.
616 2441 833 2508 Vehementer
855 2447 988 2508 vexatus
1011 2441 1072 2506 Ge-

114 2531 237 2614 binius,
265 2532 420 2618 exagitati
441 2534 552 2597 tomen
573 2553 594 2596 s
615 2530 759 2596 Domitio
782 2531 959 2614 publicani,
986 2531 1073 2615 quod

1 2667 3 2674 s
116 2639 191 2684 eum
215 2622 322 2685 essent
344 2640 417 2684 cum
439 2621 530 2704 equis
553 2620 723 2704 prosecuti
768 2619 804 2684 L.
826 2623 937 2683 noster
959 2617 1073 2684 Lamia

115 2707 226 2792 paullo
257 2707 410 2791 ferocius,
441 2729 541 2790 quum
572 2707 734 2772 Domitius
766 2705 910 2770 dixisset:
946 2709 1073 2790 „vestre

1 2831 2 2834 =
116 2794 212 2879 culpa
239 2795 319 2860 haec
351 2794 549 2878 acciderunt,
580 2795 702 2877 equites
734 2791 886 2875 Romani,
918 2791 1072 2858 dissolute

116 2883 204 2948 enim
226 2881 401 2967 iudicatis“,
427 2880 720 2966 ‚,n0siudica1nus,
746 2901 804 2946 vos
831 2880 997 2965 laudetis“,
1024 2881 1072 2948 in·

116 2971 197 3054 quit.
241 2969 360 3036 Actum
383 2974 434 3034 est
455 2991 493 3034 eo
517 2968 567 3034 die
590 2968 684 3033 nibil:
707 2990 773 3033 nox
795 2968 931 3034 diremit.
967 2966 1099 3036 Comi-s

113 3059 257 3144 tislibus,
283 3057 408 3142 diebus,
440 3058 494 3142 qui
521 3055 699 3132 Quirinalia
726 3059 916 3141 sequuntur,
946 3055 1074 3140 Appius

115 3147 348 3232 interpretetur
366 3167 434 3211 non
451 3145 599 3230 impediri
617 3167 651 3210 sc
668 3146 740 3231 lege
753 3143 865 3229 Pupio,
883 3165 947 3229 quo
965 3145 1073 3210 minus

187 3371 239 3444 Ep.
260 3376 311 3457 ‚¹⁰2
334 3376 359 3427 o.
395 3373 482 3442 rinp.;
509 3371 615 3428 litteras
714 3372 871 3441 torpemus.
907 3367 967 3426 Rel.
996 3369 1071 3454 (W).

116 3441 235 3582 phiram,
253 3457 348 3569 sm,
353 3442 437 3570 erM
440 3442 556 3583 31,ng
555 3440 640 3586 lgffip.
666 3446 712 3510 11,
731 3446 755 3497 2.
791 3439 827 3496 L.
853 3445 943 3496 corto
970 3439 1073 3497 Εαηηα

171 3599 285 3646 ciceronis
299 3603 361 3657 epus
375 3603 394 3644 t
823 3605 858 3656 39
