2556 3986
317 293 577 350 EPISTOLARUM
595 291 668 349 XVI.
689 301 799 350 16-18,
968 291 1032 356 547

493 471 615 538 XVIII.

321 575 379 632 Ser.
398 579 463 646 posu
481 593 505 630 a.
525 595 551 630 u.
571 593 594 630 e.
615 583 664 631 707
685 578 786 644 (7082).

357 681 511 737 TULLIUS
531 681 659 737 TIRONI
678 681 752 736 SAL.

146 770 229 848 Quid
251 771 373 857 igilur?
403 794 471 837 non
494 773 539 837 sie
562 774 712 856 oporiet?
743 773 890 856 equidem
918 792 1031 837 censeo
1053 785 1066 832 1

79 861 138 944 si03
161 861 343 924 addendum
366 861 464 924 eliam
484 861 596 946 „stJ0.“
632 859 704 944 sed,
727 862 754 925 si
776 863 890 944 placei,
912 861 1033 926 invidia

78 949 210 1032 vitetur,
240 971 336 1032 quam
366 949 494 1032 quidem
518 969 578 1034 ego
609 971 704 1034 saepe
727 950 914 1033 contempsi,
959 948 1033 1013 Tibi

79 1033 282 1122 διαφόρησιν
305 1037 429 1122 gaudeo
452 1037 628 1121 prefuisse,
651 1037 680 1102 si
701 1059 777 1102 vero
796 1039 893 1101 etiam
912 1037 1032 1100 Tuscu-

78 1127 203 1208 lanum,
226 1125 277 1190 dei
299 1125 389 1190 bonil
419 1129 540 1209 quante
563 1125 643 1189 mihi
664 1125 745 1190 illud
768 1126 829 1190 erit
850 1125 1031 1190 amabilius!

22 1279 26 1285 ,
79 1211 151 1297 Sed,
174 1213 201 1277 si
223 1235 274 1277 me
297 1235 400 1298 amas,
427 1214 513 1297 quod
541 1214 670 1297 quidem
698 1216 755 1296 aut
776 1214 856 1277 faeis
884 1215 940 1277 aul
962 1235 1032 1297 per·

78 1301 161 1366 belle
194 1302 339 1386 simelae,
370 1302 456 1386 quod
487 1305 597 1366 tamen
619 1303 637 1341 ’¹‘
659 1303 695 1367 in
721 1303 853 1367 modum
879 1301 1033 1386 procedit,

79 1390 148 1474 sed,
174 1394 246 1454 euri
273 1395 334 1474 esi,
360 1390 493 1476 indulge
516 1390 692 1456 valetudini
714 1394 803 1475 luae,
830 1391 882 1454 eui
904 1390 1032 1474 quidem

78 1481 115 1542 iu
147 1478 264 1563 adhue,
296 1479 372 1543 dum
403 1479 484 1543 mihi
511 1479 664 1563 deservis,
696 1479 822 1544 servisti
848 1500 915 1543 non
945 1479 1032 1543 salis.

77 1565 128 1630 Ea
160 1567 236 1650 quid
267 1568 424 1651 postulet,
455 1590 523 1646 non
553 1568 698 1653 ignoras:
729 1565 847 1648 πέψιν,
879 1560 1032 1648 dauniae,

77 1657 259 1738 περίπατον
295 1651 500 1739 σύμμετρον,
535 1666 666 1740 τρῖψιν,
702 1649 862 1721 εὐλυσίαν
897 1658 1033 1730 κοιλίας.

78 1742 144 1806 Fae
157 1742 260 1806 bellus
274 1745 446 1807 revertare:
469 1744 646 1809 noumodo
660 1747 703 1827 le,
721 1743 776 1808 sed
797 1744 894 1807 etiam
912 1743 1032 1807 Tuseu·

77 1831 190 1894 lanum
216 1832 364 1894 nostrum
390 1831 464 1912 plus
490 1851 604 1894 amem.
651 1830 827 1894 Paredrum
854 1831 970 1913 exeila,
997 1833 1067 1894 ule

79 1919 210 1982 hortum
232 1917 301 2002 ipse
323 1917 495 1983 conducat:
523 1917 569 1981 sie
592 1918 739 1983 olitorem
765 1919 872 2002 ipsum
894 1939 1032 1982 eommo-

78 2005 178 2071 vebis
221 2005 243 2086 †
265 2002 379 2070 Helico
402 2005 617 2088 nequissImus
639 2004 704 2070 HS.
733 2023 797 2072 οπο.
823 2006 921 2070 dabar
942 2006 1033 2070 nulle

79 2094 188 2178 aprico
210 2092 317 2178 horto,
339 2093 429 2158 nulle
452 2093 632 2177 emissario,
657 2095 748 2158 nulla
769 2094 921 2177 maceria,
943 2094 1033 2158 nulla

79 2203 167 2247 esse:
201 2181 264 2248 isle
294 2203 368 2247 nos·
386 2183 480 2246 lanta
510 2180 656 2265 impensa
688 2180 851 2246 derideat?
905 2179 1033 2247 Ualfaee

78 2269 257 2354 hommem,
283 2273 321 2336 ul
347 2289 407 2354 ego
430 2270 451 2349 †
474 2268 679 2354 Mothonem,
705 2270 813 2355 itaque
843 2269 960 2335 abutor
982 2290 1033 2334 eo·

78 2357 177 2426 ronu.
220 2355 271 2426 De
298 2355 421 2424 Crabra
446 2357 523 2442 quid
551 2360 680 2444 agatur,
707 2359 769 2423 elsi
794 2380 882 2426 nune
905 2358 1069 2443 quideme

79 2445 179 2514 eiiam
199 2445 336 2512 nimium
354 2448 404 2510 esi
424 2468 535 2531 aquae,
557 2449 667 2512 lamen
689 2448 786 2512 velim
804 2447 893 2512 seire.
928 2447 1033 2513 Horo·

77 2534 203 2620 logium
227 2534 357 2600 millam
388 2538 421 2598 et
451 2535 565 2619 libros,
596 2536 624 2600 si
651 2536 712 2602 erit
739 2537 862 2601 sudum.
908 2534 970 2602 Sed
996 2540 1034 2600 tu

80 2623 229 2688 nullosne
250 2623 358 2688 tecum
380 2623 528 2688 libellos?
561 2645 604 2688 an
625 2625 742 2709 pangis
765 2623 886 2708 aliquid
910 2622 1034 2708 Sopho·

80 2709 207 2775 eleum?
236 2709 289 2776 fae
317 2732 398 2795 opus
426 2715 589 2796 appareat.
633 2711 673 2776 A.
696 2711 860 2796 Ligurius,
888 2709 1035 2776 Caesaris

79 2797 257 2882 familiaris,
278 2802 425 2863 morluus
448 2802 512 2883 est,
535 2799 760 2864 bonushomo
783 2802 817 2864 et
838 2799 933 2864 nobis
956 2800 1034 2864 ami-

80 2908 144 2952 eus.
189 2885 234 2950 Te
258 2887 385 2970 quando
409 2890 639 2972 exspectemus,
660 2887 713 2952 fae
735 2889 773 2954 ut
795 2887 903 2954 seiam.
949 2885 1036 2954 (lura

36 3037 40 3045 .
79 2979 111 3040 le
135 2974 314 3059 diligenter.
358 2973 457 3044 Vale.

149 3129 202 3201 Ep.
222 3137 264 3198 18,
280 3136 302 3184 1.
339 3131 394 3197 eim
421 3131 484 3186 aed.
509 3131 584 3200 (W.).
633 3129 681 3186 εἰσ.
709 3130 782 3186 Add.
801 3131 832 3185 Β.
851 3161 885 3172 -
899 3131 992 3200 pro&
1009 3132 1035 3186 ai

78 3201 155 3270 (W.).
186 3217 218 3270 p.
246 3199 280 3256 ss·
296 3201 391 3270 vulgo.
409 3232 443 3242 -
462 3202 572 3256 didoni
588 3201 673 3270 (W.)?
692 3230 725 3242 -
744 3203 909 3256 tameu*iu
926 3203 1035 3256 modum

79 3272 155 3341 (W.).
200 3276 220 3327 t.
238 3272 338 3326 merum
359 3273 392 3325 iu
409 3288 444 3326 m.
463 3270 516 3341 (L.)
538 3274 588 3326 aut
606 3277 625 3326 t.
644 3273 829 3328 incredibilem
850 3272 882 3326 ιἰι
899 3288 933 3326 m.
958 3272 1033 3340 (W.).

78 3373 114 3384 —
132 3342 187 3410 sed,
205 3347 341 3412 unamque
360 3341 445 3409 (W.)‘?
463 3372 499 3381 —
521 3347 667 3409 revenere,
685 3359 741 3396 ιιοιι
816 3342 883 3410 plus
901 3346 932 3396 ut
950 3359 1035 3396 amem

79 3413 167 3483 (Or.)'?
203 3419 228 3467 2.
253 3411 408 3468 Paredrum
427 3411 501 3479 (W.).
540 3413 713 3495 Parhedrum
731 3411 778 3480 M,
792 3412 886 3480 vulgo.
905 3443 939 3452 -
958 3413 1034 3467 olr'to·

77 3483 177 3610 lla
227 3485 269 3610 sl·
283 3481 362 3619 ll·
378 3481 544 3607 Iliad
560 3483 658 3622 err
681 3483 771 3608 llll.
790 3481 897 3608 llll
911 3483 1034 3609 illue

77 3641 118 3681 cm
135 3623 251 3696 (uulgo)
287 3623 316 3691 I,
333 3640 372 3678 an
389 3624 420 3677 B.

767 3711 822 3766 36*
