2636 3986
219 234 287 298 424
503 233 540 286 Μ.
561 233 683 288 TULLII
702 232 894 289 CICERONIS

218 399 287 444 non
309 377 454 442 dubitavi
476 376 680 461 contendere,
701 380 740 441 ut
760 376 846 441 hanc
868 397 998 441 causam
1024 377 1072 441 illi
1094 377 1178 440 inte·

183 481 312 552 egram
335 487 554 531 conservares:
577 465 664 548 quod
686 466 748 530 etsi
770 465 872 530 nihilo
895 465 1002 530 minus
1024 487 1045 529 a
1065 469 1099 529 te
1121 486 1176 548 pe·

219 560 336 640 terem,
368 554 395 619 si
425 553 509 618 nihil
541 553 734 618 audivissem
760 557 793 618 te
819 553 884 617 tole
907 553 1036 638 fecisse,
1065 557 1178 617 tamen
1307 590 1308 615 r

218 644 373 708 maiorem
396 663 487 726 spem
508 641 703 726 impetrandi
724 645 840 708 nectus
863 663 943 726 sum,
965 645 1177 726 posteaquam
1307 659 1308 668 ¹

219 732 299 796 mihi
322 731 443 796 dietum
466 734 525 815 est,
545 731 609 795 hoc
630 731 717 795 idem
739 752 759 794 a
780 733 813 795 te
826 729 1003 816 Regienses
1025 731 1177 814 impetra·

218 821 312 904 visse,
335 820 390 903 qui
413 819 474 883 etei
496 822 529 883 te
548 819 657 903 eliqua
674 819 910 884 necessitudine
928 819 1106 904 attingunt,
1126 822 1177 882 ta·

219 930 295 972 men
316 911 392 972 tuus
415 928 506 972 amor
532 907 568 972 in
594 929 645 972 me
669 929 796 991 sperare
823 929 875 972 me
902 908 1002 992 cogit·
1016 911 1063 991 te,
1089 906 1177 990 quod
1307 913 1308 916 ’

219 996 284 1061 tuis
303 995 492 1060 necessariis
505 995 665 1079 tribueris,
681 996 768 1059 idem
786 1017 855 1060 esse
872 995 1070 1060 tributurum
1087 996 1178 1078 meis,

219 1084 409 1168 praesertim
432 1105 531 1168 quum
558 1104 620 1169 ego
642 1105 701 1168 pro
723 1084 776 1148 his
798 1084 871 1148 unis
894 1087 1016 1167 petam,
1037 1083 1178 1148 habeam

219 1177 337 1258 autem,
360 1173 416 1257 qui
437 1173 535 1237 simili
558 1194 655 1237 cause
676 1172 842 1256 laborent,
865 1173 1045 1256 complures
1067 1191 1176 1236 neces·

220 1263 330 1328 sorios.
366 1260 439 1326 Hoc
460 1282 512 1325 me
534 1282 603 1326 non
625 1261 694 1325 sine
709 1282 806 1325 causa
826 1261 931 1324 facere
945 1281 1050 1344 neque
1069 1261 1178 1343 aliqua

218 1349 283 1414 levi
309 1349 485 1414 ambitione
513 1352 710 1414 commotum
737 1353 811 1413 ate
835 1348 1029 1413 contendere
1056 1349 1117 1413 etsi
1143 1351 1177 1412 te

220 1438 400 1502 existimare
431 1437 583 1520 arbitror,
608 1440 720 1501 tomen
746 1437 826 1500 mihi
857 1436 1035 1500 affirmanti
1066 1436 1177 1500 credas

219 1525 324 1608 velim,
346 1546 398 1589 me
420 1524 495 1588 huic
517 1525 693 1608 municipio
717 1525 831 1589 debere
845 1525 1029 1608 plurimum,
1051 1526 1178 1589 nullum
1309 1557 1310 1578 ÷

219 1634 372 1696 umquem
399 1612 499 1677 fuisse
526 1615 654 1696 tempus
681 1634 785 1697 neque
811 1613 974 1677 honorum
1000 1633 1062 1676 nec
1088 1613 1177 1677 labo·

219 1724 292 1766 rum
314 1701 526 1784 meorum,=in
550 1722 614 1783 quo
636 1721 705 1765 non
726 1701 822 1765 huius
844 1701 1012 1784 municipii
1035 1702 1177 1766 studium

184 1791 255 1854 oin
276 1810 329 1854 me
351 1789 510 1854 exstiterit
533 1789 705 1874 singulare.
750 1789 953 1873 Quapropter
979 1811 1000 1853 a
1021 1793 1055 1853 te
1079 1790 1177 1853 etiam

104 1921 106 1926 .
220 1882 316 1963 atque
335 1878 433 1942 etiam
451 1899 511 1962 pro
530 1882 644 1942 nostra
662 1898 787 1942 summa
806 1877 1032 1942 coniunctione
1055 1899 1178 1962 proque
1309 1925 1311 1970 ¹,

218 1971 276 2032 tua
298 1967 334 2032 in
355 1988 407 2031 me
429 1970 586 2051 perpetua
609 1969 642 2032 et
668 1966 808 2030 maxima
830 1965 1056 2030 benevolentia
1077 1967 1178 2030 maio-

219 2077 287 2120 rem
308 2056 345 2120 in
366 2054 498 2120 modum
521 2058 596 2140 peto
618 2057 714 2138 atque
733 2053 904 2137 contendo,
925 2056 971 2136 ut,
994 2075 1095 2136 quum
1112 2054 1178 2119 for·

218 2149 316 2209 tunes
343 2145 398 2230 agi
425 2144 493 2208 eius
520 2143 688 2226 municipii
713 2142 891 2226 intelligas,
918 2141 1005 2224 quod
1032 2142 1076 2205 sit
1097 2142 1179 2206 mihi

219 2232 464 2315 necessitudine,
482 2231 607 2316 officiis,
624 2230 851 2310 benevolentia
869 2229 1179 2314 coniunctissimum,

108 2399 110 2402 Ι
218 2321 253 2384 id
275 2321 356 2385 mihi
378 2320 444 2404 des,
466 2321 552 2404 quod
575 2319 636 2384 erit
655 2318 849 2402 huiusmodi,
870 2321 916 2402 ut,
939 2318 966 2381 si
989 2339 1009 2381 a
1032 2315 1179 2402 (laesere,

220 2409 306 2492 quod
329 2429 504 2491 speramus,
526 2407 779 2491 impetrarimus,
800 2409 857 2470 tuo
880 2405 1036 2471 beneficio
1055 2427 1122 2471 nos
1144 2406 1179 2469 id

220 2498 410 2560 consecutos
437 2516 506 2558 esse
532 2495 723 2578 iudicemus,
754 2495 805 2559 sin
827 2494 947 2576 minus,
973 2515 1033 2577 pro
1064 2515 1102 2559 eo
1130 2498 1179 2557 ta-

219 2603 295 2647 men
325 2582 360 2645 id
390 2582 581 2667 habeamus,
612 2584 766 2666 quoniam
792 2603 813 2646 a
838 2585 871 2646 te
899 2582 976 2646 data
1004 2582 1048 2645 sit
1070 2603 1180 2666 opera,

195 2674 257 2742 ,ut
291 2670 545 2755 impetraremus.
603 2670 675 2736 Hoc
712 2692 810 2756 quum
843 2670 924 2733 mihi
957 2669 1180 2754 gratissimum

219 2758 348 2842 feceris,
374 2762 445 2823 tum
471 2759 558 2823 viros
581 2759 735 2843 optimos,
760 2759 908 2824 homines
930 2757 1180 2822 honestissimos

220 2845 411 2929 eosdemque
435 2847 636 2931 gratissimos
663 2851 697 2912 et
718 2851 776 2912 tua
798 2844 1033 2910 necessitudine
1056 2844 1180 2930 dignis·

220 2934 319 2999 simos
346 2955 471 3000 summo
498 2935 655 3000 beneficio
682 2935 718 2998 in
744 2937 936 3018 perpetuum
962 2932 1023 2997 tibi
1047 2933 1181 3018 tuisque

220 3020 409 3088 devinxeris.

290 3211 342 3283 Ep.
362 3217 388 3280 7,
401 3215 426 3268 t.
463 3211 519 3277 dee,
536 3212 609 3279 qood
627 3212 702 3282 (W.).
738 3213 797 3268 des:
814 3211 888 3282 quod
904 3210 998 3281 vulgo.
