2568 3980
532 941 654 1002 'aman
676 944 825 1004 snmus,

269 1071 337 1142 AD
363 1071 404 1138 Α.
432 1070 832 1150 TORQUATUMET
862 1069 1095 1164 CETEROS.

669 1249 695 1315 Ι.

483 1369 540 1426 Sor.
563 1370 669 1426 Romae
688 1387 713 1426 a.
732 1389 759 1426 u.
778 1387 801 1424 o.
822 1376 881 1426 709.

400 1510 437 1566 Μ.
457 1510 585 1567 CICERO
605 1511 632 1566 S.
650 1512 683 1567 D.
702 1514 735 1566 A.
755 1511 960 1578 TORQUATO.

168 1627 184 1679 1
268 1617 342 1686 Etsi
364 1641 403 1685 ea
425 1620 625 1704 perturbatio
649 1624 699 1686 est
719 1621 863 1687 omnium
885 1643 1001 1707 rerum,
1023 1624 1061 1687 ut
1082 1645 1161 1689 suae

203 1731 361 1793 quemque
387 1709 538 1774 fortunae
565 1710 702 1774 maxime
729 1710 895 1796 poeniteat
923 1711 1080 1795 nemoque
1108 1713 1160 1796 sit,

203 1799 282 1882 quin
303 1798 410 1862 ubivis
442 1819 539 1883 quam
571 1798 631 1883 ibi,
661 1799 796 1883 ubisit,
825 1821 893 1864 esse
916 1795 1021 1883 malit,
1048 1803 1160 1864 tamen

202 1887 282 1951 mihi
305 1886 438 1952 dubium
460 1908 528 1951 non
550 1890 609 1972 eat,
631 1887 710 1972 quin
731 1887 794 1952 hoe
816 1891 960 1972 tempore
978 1887 1065 1953 bono
1088 1889 1158 1955 viro

201 1975 324 2041 Romae
348 1997 418 2040 esse
439 1976 653 2041 miserrimum
676 1976 731 2060 sit3
753 1998 843 2062 nam,
866 1976 935 2061 etsi,
957 1998 1158 2062 quocumque

202 2065 238 2129 in
260 2064 331 2130 loeo
355 2063 490 2151 quisque
517 2068 580 2150 est,
605 2065 691 2130 idem
720 2069 769 2130 est
795 2065 825 2129 ei
847 2085 960 2130 sensus
987 2068 1021 2129 et
1047 2065 1159 2130 eadem

203 2153 361 2218 acerbitas
388 2175 427 2218 ex
453 2155 587 2219 interitu
618 2173 726 2219 rerum
752 2156 786 2218 et
799 2153 1009 2237 ‚publicarum
1031 2157 1064 2218 et
1087 2176 1159 2218 sua·

202 2264 284 2327 rum,
305 2245 416 2307 tamen
439 2243 523 2308 oouli
541 2245 663 2328 augent
681 2242 834 2327 dolorem,
857 2242 912 2326 qui
934 2263 981 2325 ea,
1003 2263 1086 2326 qnae
1109 2264 1158 2307 ee-

202 2331 264 2394 teri
286 2330 435 2413 audiunt,
462 2331 582 2395 intueri
609 2334 770 2416 eoguntur
796 2352 856 2395 nee
883 2333 1025 2394 avertere
1053 2351 1073 2394 a
1099 2331 1158 2394 mi-

202 2418 293 2482 seriis
326 2419 558 2502 cogitationem
589 2419 716 2483 sinunt:
748 2440 859 2503 quare,
891 2419 952 2482 etsi
983 2419 1158 2483 multarum

201 2526 309 2570 rerum
332 2505 489 2571 desiderio
512 2510 544 2570 te
568 2508 645 2592 angi
667 2528 797 2572 neeesse
816 2510 874 2590 est,
895 2510 1005 2571 tamen
1022 2507 1080 2572 illo
1103 2507 1158 2574 do-

201 2594 283 2678 lore,
314 2615 378 2678 quo
409 2595 547 2659 maxime
579 2598 612 2659 te
639 2595 754 2661 oonfiei
785 2595 894 2680 audio,
926 2594 1012 2679 quod
1034 2595 1158 2661 Romae

201 2703 269 2747 non
290 2682 343 2767 sia,
361 2683 505 2747 animum
522 2687 616 2748 tuum
632 2684 747 2768 libera3
770 2684 832 2749 etei
851 2683 937 2748 enim
952 2704 1024 2747 oum
1037 2705 1159 2769 magna

201 2770 350 2837 molestia
371 2775 446 2837 tuos
468 2775 589 2856 tuaque
612 2772 787 2857 desideras,
807 2775 918 2836 tamen
940 2771 998 2836 illa
1020 2773 1159 2858 quidem,

201 2881 284 2942 quae
310 2861 460 2944 requiris,
487 2883 582 2927 auum
608 2863 729 2926 statum
754 2863 869 2925 tenent
890 2881 950 2924 nee
972 2860 1100 2944 melius,
1130 2862 1158 2925 si

200 2950 238 3013 tu
260 2948 398 3033 adesses,
420 2951 570 3014 tenerent
591 2971 651 3014 neo
674 2952 751 3014 eunt
773 2949 839 3014 ullo
862 2949 898 3012 in
920 2948 1051 3033 proprio
1074 2950 1157 3032 peri-

201 3037 283 3120 eulo,
305 3057 365 3102 nee
389 3037 485 3102 debes
503 3041 549 3121 tu,
572 3060 671 3122 quum
690 3038 728 3101 de
749 3037 814 3102 tuis
833 3037 966 3122 cogites,
989 3039 1045 3100 aut
1066 3057 1158 3120 prae·

201 3126 329 3210 eipuam
352 3126 493 3210 aliquam
510 3127 676 3207 fortunam
693 3126 857 3210 postulare
880 3127 937 3190 aut
955 3145 1159 3189 communem

166 3226 357 3280 areeusare.
401 3214 452 3280 De
477 3217 511 3279 te
539 3218 647 3279 autem
673 3214 759 3298 ipso,
786 3213 961 3297 Torquate,
989 3215 1039 3278 eat
1064 3215 1160 3278 tuum

202 3303 248 3368 sio
275 3304 399 3388 agitare
431 3303 552 3386 animo,
583 3306 621 3367 ut
651 3324 719 3367 non
745 3302 899 3366 adhibeas
925 3301 961 3365 in
988 3301 1160 3367 eonsilium

202 3392 437 3477 cogitationum
468 3393 598 3455 tuarum
630 3390 886 3475 desperationem
913 3393 971 3454 aut
996 3390 1160 3475 timorem3

272 3581 323 3651 Ep.
345 3590 368 3650 1,
384 3589 407 3636 1.
445 3583 556 3648 ubisit,
575 3596 629 3636 eaeo
649 3582 724 3651 (W).
760 3581 809 3636 aba?
827 3585 873 3648 eat,
891 3597 912 3636 e.
932 3581 978 3651 M„
996 3581 1091 3653 vulgo.
