2644 3988
372 233 629 291 EPISTOLARUM
651 237 711 292 XII.
731 242 755 292 3.
774 243 799 292 4.
997 233 1060 300 381

555 485 612 553 IV.

243 595 301 652 Sor.
320 597 425 654 Romae
443 615 538 654 mense
555 599 707 655 Februario
726 615 750 654 a.
769 617 797 654 u.
815 615 839 655 o.
859 603 918 654 711.

399 721 528 780 CICERO
546 723 670 780 CASSIO
690 723 766 778 SAL.

171 821 300 887 Vellem
322 821 433 888 Idibus
451 823 578 889 Martiis
595 843 648 889 inc
666 825 708 889 ad
725 845 860 890 coenam
877 823 1062 888 invitasses:
1082 837 1096 884 1

100 911 314 994 reliquiarum
331 912 414 976 nihil
431 912 555 978 fuisset.
590 911 687 978 Nunc
700 935 751 977 me
769 913 923 996 reliquiae
936 915 1062 977 vestrae

100 1004 264 1084 exercent,
286 1001 470 1084 etquidem
492 1005 620 1086 praeter
637 1005 760 1067 ceteros
781 1023 845 1066 me:
868 1021 1063 1084 quamquam

100 1088 255 1174 egregios
277 1090 425 1154 eonsules
448 1089 618 1175 habemus,
645 1090 701 1155 sed
723 1089 926 1174 turpissimos
949 1109 1062 1154 consu-

100 1176 199 1260 lares,
222 1181 370 1242 senatum
392 1178 524 1262 fortem,
547 1179 602 1243 sed
624 1178 736 1244 infimo
760 1199 917 1262 quemque
939 1177 1062 1242 honore

101 1266 332 1349 fortissimum
354 1268 474 1350 populo
496 1288 573 1332 uero
596 1267 678 1332 nihil
695 1267 822 1352 fortius,
843 1266 926 1331 nihil
948 1267 1062 1330 melius

102 1353 266 1438 Italiaque
292 1355 450 1420 universa.
495 1355 586 1420 Nihil
618 1360 727 1422 autem
757 1355 883 1421 foedius
911 1353 1062 1438 Philippo

103 1447 138 1506 et
156 1442 276 1508 Pisone
293 1443 419 1530 legatis,
436 1443 519 1509 nihil
536 1443 741 1530 flagitiosius3
764 1445 820 1528 qui
838 1465 936 1529 quum
955 1445 1065 1508 essent

103 1531 212 1615 missi,
238 1535 276 1596 ut
297 1531 443 1598 Antonio
471 1553 510 1597 ex
537 1537 668 1598 senatus
692 1533 854 1598 sententia
880 1535 984 1598 certas
1012 1553 1063 1596 res

104 1619 345 1705 denuntiarent,
363 1642 462 1704 quum
479 1622 533 1686 ille
548 1636 658 1687 earum
675 1643 782 1686 rerum
800 1621 882 1686 nulli
894 1621 1065 1707 paruisset,

105 1709 194 1772 ultro
218 1709 259 1773 ab
281 1709 338 1774 illo
362 1710 403 1773 ad
425 1731 486 1774 nos
507 1711 725 1776 intolerabilia
746 1709 911 1794 postulata
933 1710 1064 1774 rettule-

105 1801 197 1860 runt:
220 1799 328 1882 itaque
351 1797 392 1862 ad
414 1819 476 1864 nos
494 1800 703 1883 concurritur,
724 1799 865 1883 factique
887 1799 954 1864 iam
971 1799 1007 1862 in
1028 1819 1064 1862 re

106 1886 242 1949 salutari
273 1888 445 1971 populares
478 1909 597 1952 sumus.
655 1885 734 1972 Sed,
764 1891 802 1952 tu
833 1886 910 1971 quid
942 1905 1098 1972 agerem

106 1974 185 2056 quid
214 1978 357 2059 achinus,
383 1975 439 2040 ubi
467 1975 603 2060 denique
630 1997 732 2060 esses,
753 1975 949 2040 nesciebam:
975 1975 1064 2040 fama

106 2062 282 2127 nuntiabat
304 2067 337 2128 te
359 2083 428 2128 esse
451 2064 486 2128 in
510 2062 615 2148 Syria3
638 2067 751 2129 auctor
773 2066 842 2129 erat
864 2085 971 2130 nemo.
1014 2063 1064 2128 De

106 2147 221 2235 Bruto,
244 2173 307 2236 quo
329 2152 462 2236 propius
486 2156 548 2230 est,
576 2175 615 2218 eo
640 2153 784 2218 firmiora
809 2152 960 2218 videntur
986 2173 1065 2236 esse,

107 2260 192 2321 quae
215 2240 415 2305 nuntiantur.
450 2240 621 2306 Dolabella
642 2242 735 2307 valde
757 2241 1000 2326 vituperabatur
1023 2241 1064 2306 ab

106 2325 295 2393 horninibus
317 2351 385 2395 non
407 2330 552 2415 insulsis,
579 2332 666 2415 quod
691 2330 753 2396 tibi
774 2334 843 2396 tam
871 2331 935 2396 cito
958 2351 1064 2395 sucee-

108 2416 209 2501 deret,
231 2439 330 2502 quum
351 2422 388 2482 tu
410 2417 541 2484 undum
563 2437 643 2484 xxx.
666 2420 733 2485 dies
762 2419 798 2484 in
821 2417 1064 2505 Syriefuisse13

108 2504 218 2589 itaque
246 2507 417 2571 constabat
444 2528 519 2572 eum
544 2509 645 2592 recipi
670 2509 705 2572 in
727 2506 854 2593 Syriam
880 2530 947 2573 non
970 2531 1063 2593 opor-

107 2596 185 2658 tere.
231 2592 363 2659 Summa
384 2594 455 2660 laus
478 2599 512 2660 et
532 2599 590 2661 tua
612 2601 645 2661 et
666 2595 760 2662 Bruti
783 2601 845 2682 est,
868 2597 954 2682 quod
977 2619 1063 2662 exer·

108 2681 208 2746 citu'm
230 2688 360 2768 praeter
376 2705 466 2768 spem
484 2685 711 2750 existimamini
732 2707 945 2770 comparasse.
981 2684 1063 2750 Scri-

107 2768 217 2835 berem
235 2773 338 2855 plura,
361 2772 388 2836 si
406 2793 474 2838 rem
492 2795 684 2859 causamque
702 2795 844 2839 nossem:
867 2794 963 2858 nunc,
982 2795 1076 2858 quae·

108 2859 228 2942 scribo,
260 2861 365 2925 scribo
398 2883 437 2926 ex
469 2861 621 2946 opinione
646 2862 816 2926 hominum
844 2866 939 2947 atque
966 2862 1064 2928 fama.

109 2944 196 3011 'luas
219 2947 344 3013 litteras
367 2949 458 3014 avide
481 2954 640 3034 exspecto.
685 2949 777 3015 Vale.

178 3173 230 3244 Ep.
250 3181 275 3242 4,
290 3181 315 3228 2.
352 3180 377 3230 te
400 3191 454 3231 esee
475 3177 508 3230 ia
530 3175 616 3246 Syria
638 3177 703 3249 (N.)
748 3181 773 3233 te
795 3177 847 3234 isse
867 3179 900 3234 in
922 3176 1008 3248 Syrio
1024 3176 1061 3232 n

108 3246 133 3297 te
150 3247 203 3302 isse
220 3247 253 3303 ia
270 3244 383 3319 Syriam
401 3245 462 3303 cdd.
482 3245 600 3318 aliquot,
616 3247 649 3304 B.
