2578 3982
192 254 452 311 EPISTOLARUM
469 255 519 310 AD
538 253 569 320 Q.
587 253 764 309 FRATREM
783 255 816 309 H.
836 261 931 311 8-10.
976 255 1041 320 607

480 503 536 569 rx,
565 501 645 592 [xi]

12 571 14 634 A
88 612 145 670 Sor.
164 613 278 670 ineunte
292 631 391 671 mense
413 615 566 671 Februario
589 619 623 686 (a.
643 617 669 670 d.
688 615 733 672 III.
753 615 823 685 Idl)
848 631 873 672 a.
892 633 920 672 u.
938 631 962 670 o.
982 621 1041 672 700.

238 737 385 794 MARCUS
404 737 542 804 QUINTO
561 738 697 794 FRATRI
715 738 894 795 SALUTEM.

12 899 14 922 ἶ
154 835 337 922 Epistolam
368 839 453 902 hane
483 838 627 904 eonrioio
659 837 880 924 efflagitarunt
906 838 1070 905 codicillis

12 931 14 996 ζ
84 926 149 1009 tui3
171 948 248 990 nam
270 948 322 992 ros
345 926 474 1010 quidem
495 926 567 1010 ipse
585 930 618 990 et
635 927 663 991 is
682 927 758 1011 dies,
781 948 844 1010 quo
862 931 899 992 tn
918 949 951 992 es
970 950 1042 1011 pro·
1073 967 1078 976 ι

12 1017 14 1026 ’
84 1014 205 1098 fectus,
236 1014 319 1079 nihil
349 1014 430 1078 mibi
457 1014 498 1078 ad
525 1015 729 1079 scribendum
756 1016 938 1100 argumenti
965 1036 1043 1080 sane

85 1102 199 1185 debat3
235 1102 305 1186 sed,
337 1102 617 1188 quemadmodum,
654 1123 763 1168 eorem
794 1125 893 1186 quum
925 1125 1043 1186 sumus,

12 1257 13 1264 χ
85 1211 192 1255 sermo
214 1191 310 1256 nobis
333 1190 443 1255 deesse
465 1212 534 1256 non
556 1192 647 1275 solet,
670 1192 716 1255 sio
738 1191 893 1275 epistolae
911 1195 1042 1256 nostrae

85 1279 208 1343 debent
219 1278 382 1344 interdum
396 1279 560 1343 aluoinari.
597 1277 812 1344 Tenediorum
829 1279 929 1364 igitur
948 1279 1070 1343 liber-s

12 1435 13 1440 ,
84 1372 139 1432 tes
162 1367 265 1432 seoun‘
292 1366 435 1432 Tenedia
456 1367 601 1451 praecise
623 1371 686 1452 est,
712 1388 811 1451 quum
839 1388 893 1431 eos
915 1371 1043 1451 praeter

12 1469 13 1474 ’
85 1476 140 1520 mo
162 1457 196 1520 et
217 1453 370 1520 Bibulum
392 1459 426 1519 et
443 1453 602 1520 Calidium
624 1454 849 1520 etFavonium
871 1475 967 1520 nemo
990 1455 1042 1520 de·

85 1543 246 1627 senderet3
268 1543 307 1608 de
329 1548 363 1609 te
387 1565 406 1608 a
428 1542 635 1630 Magnetibus
658 1544 699 1608 ab
720 1541 830 1627 Sipylo
853 1544 975 1608 mentio
994 1546 1044 1608 est

85 1631 266 1697 honorifica
288 1632 390 1716 faeta,
416 1654 515 1716 quum
543 1635 576 1696 te
602 1653 704 1696 unum
732 1632 875 1696 dicerent
900 1632 1042 1715 postula·
1167 1703 1170 1710 Δ

85 1721 170 1784 tioni
202 1719 238 1784 L.
262 1717 358 1784 Sestii
387 1719 512 1784 Pansae
544 1719 709 1784 restitisse.
758 1719 903 1803 Reliquis
931 1719 1043 1784 diebus

88 1807 217 1890 siquid
244 1807 318 1890 erit,
345 1805 432 1889 quod
458 1810 491 1870 te
519 1807 599 1870 seire
622 1827 703 1890 opus
726 1806 781 1889 sit,
809 1805 989 1870 autetiam
1017 1808 1044 1870 si

87 1894 171 1960 nihil
204 1894 279 1977 erit,
311 1897 421 1957 temen
449 1893 585 1958 scribam
609 1893 751 1977 quotidie
774 1893 909 1976 aliquid:
940 1894 1043 1978 pridie

88 1983 166 2048 Idus
193 2003 297 2065 neque
324 1981 385 2046 tibi
411 2001 515 2066 neque
541 1980 721 2065 Pomponio
749 1980 853 2046 deero.
903 1981 1070 2047 Lueretiio

89 2075 253 2156 po'e'mata,
275 2073 312 2134 ut
335 2068 461 2153 scribis,
483 2069 529 2134 ita
551 2072 639 2134 sunt:
662 2068 771 2134 multis
797 2068 973 2134 luminibus
995 2070 1043 2134 in-

90 2159 187 2244 genii,
209 2158 330 2223 multae
353 2156 450 2222 etiam
468 2157 561 2240 artis3
584 2157 648 2240 sed,
667 2179 765 2241 quum
783 2157 918 2242 veneris,
939 2158 1044 2222 virum

89 2251 123 2311 te
150 2247 286 2330 putabo,
313 2246 341 2310 si
369 2243 514 2310 Sallustii
539 2243 755 2329 Empedoclea
781 2245 911 2330 legeris,
940 2245 1043 2311 homi·
1126 2258 1130 2265 ·

90 2356 165 2400 nem
187 2356 255 2400 non
279 2333 410 2417 putabo.

482 2525 522 2594 x.
553 2525 649 2615 [uui

205 2637 262 2694 Sor.
288 2639 393 2694 Romae
421 2639 516 2694 Idibus
542 2639 701 2695 Februariis
728 2654 753 2694 a.
776 2656 803 2694 u.
827 2655 849 2695 o.
874 2644 934 2695 700.

239 2763 384 2818 MARCUS
403 2759 541 2827 QUINTO
559 2759 695 2817 FRATRI
715 2761 894 2818 SALUTEM.

159 2860 289 2928 Gaudeo
321 2861 381 2927 tibi
413 2860 568 2925 iucundas
600 2881 669 2924 esse
698 2882 785 2926 meas
815 2861 953 2947 litteras,
984 2880 1070 2927 neor

90 2957 205 3018 tamen
223 2950 408 3016 habuissem
431 2948 590 3013 scribendi
611 2970 699 3013 nuno
721 2949 850 3032 quidem
870 2952 973 3015 ullum
996 2973 1044 3015 ar·

91 3043 293 3127 gementem,
319 3037 383 3101 nisi
404 3039 477 3100 tues
500 3037 706 3120 aeoepissem3
732 3058 808 3102 nam
834 3039 936 3122 pridie
959 3037 1045 3123 Idus,

91 3150 193 3214 quum
208 3126 334 3210 Appius
358 3127 505 3188 senatum
527 3124 763 3210 infrequentem
785 3127 952 3212 coegisses,
973 3129 1044 3191 ten·

90 3221 163 3282 tum
185 3215 248 3278 fuit
270 3214 383 3298 frigus,
404 3216 442 3276 ut
463 3213 576 3296 populi
599 3213 743 3279 eonvioio
767 3218 896 3279 ooaotus
919 3215 963 3278 sit
984 3236 1045 3279 nos

92 3304 262 3368 dimittere.
307 3301 356 3366 De
384 3297 616 3386 Commageno,
642 3302 728 3385 quod
754 3323 823 3366 rem
849 3304 952 3366 totam
982 3303 1070 3369 dis-e

165 3512 256 3582 Epo,
278 3519 300 3566 1.
338 3513 478 3567 oloeiuore'
496 3511 588 3579 (MW3
608 3512 688 3566 olleo.
707 3511 747 3579 L).
783 3510 871 3566 boloe.
886 3511 916 3566 B.
937 3511 1045 3579 (bellun

92 3582 147 3649 R).
184 3589 208 3636 2.
236 3584 401 3652 defenderet;
419 3584 452 3638 de
470 3583 545 3652 (W.).
581 3582 608 3636 d.
635 3581 679 3636 De
697 3581 789 3652 vulgo.
