<?xml version="1.0" encoding="UTF-8"?>
<!DOCTYPE html PUBLIC "-//W3C//DTD XHTML 1.0 Transitional//EN"
    "http://www.w3.org/TR/xhtml1/DTD/xhtml1-transitional.dtd">
<html xmlns="http://www.w3.org/1999/xhtml" xml:lang="en" lang="en">
 <head>
  <title>
</title>
<meta http-equiv="Content-Type" content="text/html;charset=utf-8" />
  <meta name='ocr-system' content='tesseract 3.04.00' />
  <meta name='ocr-capabilities' content='ocr_page ocr_carea ocr_par ocr_line ocrx_word'/>
</head>
<body>
  <div class='ocr_page' id='page_1' title='image "./epistolae00wesegoog_0279.png"; bbox 0 0 2676 3984; ppageno 0'>
   <div class='ocr_carea' id='block_1_1' title="bbox 415 262 1106 328">
    <p class='ocr_par' dir='ltr' id='par_1_1' title="bbox 415 262 1106 328">
     <span class='ocr_line' id='line_1_1' title="bbox 415 262 1106 328; baseline 0.013 -9"><span class='ocrx_word' id='word_1_1' title='bbox 415 263 675 322; x_wconf 78' lang='lat' dir='ltr'><strong>EPISTOLARUM</strong></span> <span class='ocrx_word' id='word_1_2' title='bbox 693 265 741 321; x_wconf 88' lang='lat' dir='ltr'><strong>IX.</strong></span> <span class='ocrx_word' id='word_1_3' title='bbox 761 273 838 322; x_wconf 83' lang='grc'><strong>7-9.</strong></span> <span class='ocrx_word' id='word_1_4' title='bbox 1041 262 1106 328; x_wconf 73' lang='grc'><strong>267</strong></span> 
     </span>
    </p>
   </div>
   <div class='ocr_carea' id='block_1_2' title="bbox 141 407 1141 1898">
    <p class='ocr_par' dir='ltr' id='par_1_2' title="bbox 141 407 1141 1898">
     <span class='ocr_line' id='line_1_2' title="bbox 146 407 1106 496; baseline 0 -22"><span class='ocrx_word' id='word_1_5' title='bbox 146 407 304 474; x_wconf 87' lang='lat' dir='ltr'><strong>Philonis.</strong></span> <span class='ocrx_word' id='word_1_6' title='bbox 349 407 433 475; x_wconf 82' lang='lat' dir='ltr'><strong>Puro</strong></span> <span class='ocrx_word' id='word_1_7' title='bbox 455 409 539 495; x_wconf 88' lang='lat' dir='ltr'><strong>fore,</strong></span> <span class='ocrx_word' id='word_1_8' title='bbox 561 413 611 495; x_wconf 76' lang='lat' dir='ltr'><strong>ut,</strong></span> <span class='ocrx_word' id='word_1_9' title='bbox 634 431 734 496; x_wconf 87' lang='lat' dir='ltr'><strong>quum</strong></span> <span class='ocrx_word' id='word_1_10' title='bbox 755 409 885 495; x_wconf 80' lang='lat' dir='ltr'><strong>legeris,</strong></span> <span class='ocrx_word' id='word_1_11' title='bbox 907 430 1022 474; x_wconf 83' lang='lat' dir='ltr'><strong>mrrere</strong></span> <span class='ocrx_word' id='word_1_12' title='bbox 1045 430 1106 496; x_wconf 75' lang='lat' dir='ltr'><strong>nos</strong></span> 
     </span>
     <span class='ocr_line' id='line_1_3' title="bbox 143 497 1106 583; baseline -0.001 -21"><span class='ocrx_word' id='word_1_13' title='bbox 143 497 182 562; x_wconf 79' lang='lat' dir='ltr'><strong>id</strong></span> <span class='ocrx_word' id='word_1_14' title='bbox 208 498 335 564; x_wconf 77' lang='lat' dir='ltr'><strong>locutos</strong></span> <span class='ocrx_word' id='word_1_15' title='bbox 364 517 434 562; x_wconf 90' lang='lat' dir='ltr'><strong>esse</strong></span> <span class='ocrx_word' id='word_1_16' title='bbox 463 498 548 562; x_wconf 82' lang='lat' dir='ltr'><strong>inter</strong></span> <span class='ocrx_word' id='word_1_17' title='bbox 578 519 653 582; x_wconf 85' lang='lat' dir='ltr'><strong>nos,</strong></span> <span class='ocrx_word' id='word_1_18' title='bbox 684 499 771 583; x_wconf 89' lang='lat' dir='ltr'><strong>quod</strong></span> <span class='ocrx_word' id='word_1_19' title='bbox 798 519 975 583; x_wconf 86' lang='lat' dir='ltr'><strong>numquam</strong></span> <span class='ocrx_word' id='word_1_20' title='bbox 1006 497 1106 562; x_wconf 77' lang='lat' dir='ltr'><strong>locuti</strong></span> 
     </span>
     <span class='ocr_line' id='line_1_4' title="bbox 142 585 1141 672; baseline -0.005 -22"><span class='ocrx_word' id='word_1_21' title='bbox 142 607 274 671; x_wconf 78' lang='lat' dir='ltr'><strong>snmus3</strong></span> <span class='ocrx_word' id='word_1_22' title='bbox 297 586 353 651; x_wconf 87' lang='lat' dir='ltr'><strong>sed</strong></span> <span class='ocrx_word' id='word_1_23' title='bbox 375 586 463 652; x_wconf 72' lang='lat' dir='ltr'><strong>nosti</strong></span> <span class='ocrx_word' id='word_1_24' title='bbox 485 608 608 652; x_wconf 88' lang='lat' dir='ltr'><strong>morem</strong></span> <span class='ocrx_word' id='word_1_25' title='bbox 631 587 842 672; x_wconf 77' lang='lat' dir='ltr'><strong>dialogorum.</strong></span> <span class='ocrx_word' id='word_1_26' title='bbox 885 585 1028 652; x_wconf 74' lang='lat' dir='ltr'><strong>Posthac</strong></span> <span class='ocrx_word' id='word_1_27' title='bbox 1051 594 1141 650; x_wconf 72' lang='lat' dir='ltr'><strong>aur</strong></span> 
     </span>
     <span class='ocr_line' id='line_1_5' title="bbox 141 674 1106 760; baseline 0 -21"><span class='ocrx_word' id='word_1_28' title='bbox 141 677 228 759; x_wconf 66' lang='lat' dir='ltr'><strong>uem,</strong></span> <span class='ocrx_word' id='word_1_29' title='bbox 255 675 300 739; x_wconf 90' lang='lat' dir='ltr'><strong>mi</strong></span> <span class='ocrx_word' id='word_1_30' title='bbox 322 674 442 759; x_wconf 86' lang='lat' dir='ltr'><strong>Varro,</strong></span> <span class='ocrx_word' id='word_1_31' title='bbox 474 696 571 760; x_wconf 88' lang='lat' dir='ltr'><strong>quam</strong></span> <span class='ocrx_word' id='word_1_32' title='bbox 601 676 754 760; x_wconf 87' lang='lat' dir='ltr'><strong>plurima,</strong></span> <span class='ocrx_word' id='word_1_33' title='bbox 786 675 813 741; x_wconf 90' lang='lat' dir='ltr'><strong>si</strong></span> <span class='ocrx_word' id='word_1_34' title='bbox 840 674 980 759; x_wconf 74' lang='lat' dir='ltr'><strong>videtur,</strong></span> <span class='ocrx_word' id='word_1_35' title='bbox 1007 676 1040 740; x_wconf 73' lang='lat' dir='ltr'><strong>et</strong></span> <span class='ocrx_word' id='word_1_36' title='bbox 1066 674 1106 739; x_wconf 86' lang='lat' dir='ltr'><strong>de</strong></span> 
     </span>
     <span class='ocr_line' id='line_1_6' title="bbox 141 762 1106 848; baseline -0.001 -21"><span class='ocrx_word' id='word_1_37' title='bbox 141 762 253 848; x_wconf 88' lang='lat' dir='ltr'><strong>nobis,</strong></span> <span class='ocrx_word' id='word_1_38' title='bbox 269 763 355 828; x_wconf 73' lang='lat' dir='ltr'><strong>inter</strong></span> <span class='ocrx_word' id='word_1_39' title='bbox 372 785 446 829; x_wconf 92' lang='lat' dir='ltr'><strong>nos:</strong></span> <span class='ocrx_word' id='word_1_40' title='bbox 470 784 541 830; x_wconf 90' lang='lat' dir='ltr'><strong>sero</strong></span> <span class='ocrx_word' id='word_1_41' title='bbox 560 764 711 848; x_wconf 76' lang='lat' dir='ltr'><strong>fortass03</strong></span> <span class='ocrx_word' id='word_1_42' title='bbox 734 764 789 829; x_wconf 89' lang='lat' dir='ltr'><strong>sed</strong></span> <span class='ocrx_word' id='word_1_43' title='bbox 807 763 1009 847; x_wconf 79' lang='lat' dir='ltr'><strong>superiorum</strong></span> <span class='ocrx_word' id='word_1_44' title='bbox 1026 765 1106 826; x_wconf 74' lang='lat' dir='ltr'><strong>tem-</strong></span> 
     </span>
     <span class='ocr_line' id='line_1_7' title="bbox 143 850 1107 937; baseline -0.002 -20"><span class='ocrx_word' id='word_1_45' title='bbox 143 873 264 936; x_wconf 83' lang='lat' dir='ltr'><strong>porum</strong></span> <span class='ocrx_word' id='word_1_46' title='bbox 284 850 431 917; x_wconf 74' lang='lat' dir='ltr'><strong>Fortuna</strong></span> <span class='ocrx_word' id='word_1_47' title='bbox 452 853 499 916; x_wconf 90' lang='lat' dir='ltr'><strong>rei</strong></span> <span class='ocrx_word' id='word_1_48' title='bbox 517 852 664 937; x_wconf 81' lang='lat' dir='ltr'><strong>publicae</strong></span> <span class='ocrx_word' id='word_1_49' title='bbox 688 874 818 918; x_wconf 87' lang='lat' dir='ltr'><strong>oausam</strong></span> <span class='ocrx_word' id='word_1_50' title='bbox 837 851 1004 936; x_wconf 70' lang='lat' dir='ltr'><strong>sustineam,</strong></span> <span class='ocrx_word' id='word_1_51' title='bbox 1025 851 1107 916; x_wconf 85' lang='lat' dir='ltr'><strong>haee</strong></span> 
     </span>
     <span class='ocr_line' id='line_1_8' title="bbox 143 939 1106 1025; baseline -0.001 -21"><span class='ocrx_word' id='word_1_52' title='bbox 143 940 211 1023; x_wconf 85' lang='lat' dir='ltr'><strong>ipsi</strong></span> <span class='ocrx_word' id='word_1_53' title='bbox 246 944 410 1024; x_wconf 73' lang='lat' dir='ltr'><strong>praestare</strong></span> <span class='ocrx_word' id='word_1_54' title='bbox 448 940 609 1007; x_wconf 85' lang='lat' dir='ltr'><strong>debemus.</strong></span> <span class='ocrx_word' id='word_1_55' title='bbox 674 940 782 1025; x_wconf 69' lang='lat' dir='ltr'><strong>Atque</strong></span> <span class='ocrx_word' id='word_1_56' title='bbox 822 940 948 1006; x_wconf 76' lang='lat' dir='ltr'><strong>utinam</strong></span> <span class='ocrx_word' id='word_1_57' title='bbox 989 939 1106 1024; x_wconf 75' lang='lat' dir='ltr'><strong>quietis</strong></span> 
     </span>
     <span class='ocr_line' id='line_1_9' title="bbox 141 1029 1106 1114; baseline 0 -22"><span class='ocrx_word' id='word_1_58' title='bbox 141 1029 347 1113; x_wconf 70' lang='lat' dir='ltr'><strong>temporibus</strong></span> <span class='ocrx_word' id='word_1_59' title='bbox 375 1032 472 1112; x_wconf 80' lang='lat' dir='ltr'><strong>atque</strong></span> <span class='ocrx_word' id='word_1_60' title='bbox 500 1029 622 1114; x_wconf 86' lang='lat' dir='ltr'><strong>aliquo,</strong></span> <span class='ocrx_word' id='word_1_61' title='bbox 650 1031 678 1094; x_wconf 91' lang='lat' dir='ltr'><strong>si</strong></span> <span class='ocrx_word' id='word_1_62' title='bbox 704 1051 773 1095; x_wconf 93' lang='lat' dir='ltr'><strong>non</strong></span> <span class='ocrx_word' id='word_1_63' title='bbox 799 1029 900 1112; x_wconf 86' lang='lat' dir='ltr'><strong>bono,</strong></span> <span class='ocrx_word' id='word_1_64' title='bbox 929 1031 965 1092; x_wconf 76' lang='lat' dir='ltr'><strong>at</strong></span> <span class='ocrx_word' id='word_1_65' title='bbox 991 1029 1106 1092; x_wconf 74' lang='lat' dir='ltr'><strong>saltem</strong></span> 
     </span>
     <span class='ocr_line' id='line_1_10' title="bbox 144 1116 1105 1184; baseline 0.001 -3"><span class='ocrx_word' id='word_1_66' title='bbox 144 1119 236 1182; x_wconf 75' lang='lat' dir='ltr'><strong>oerto</strong></span> <span class='ocrx_word' id='word_1_67' title='bbox 260 1118 347 1182; x_wconf 76' lang='lat' dir='ltr'><strong>stetu</strong></span> <span class='ocrx_word' id='word_1_68' title='bbox 370 1117 510 1182; x_wconf 73' lang='lat' dir='ltr'><strong>civitatis</strong></span> <span class='ocrx_word' id='word_1_69' title='bbox 532 1117 613 1182; x_wconf 88' lang='lat' dir='ltr'><strong>haee</strong></span> <span class='ocrx_word' id='word_1_70' title='bbox 634 1118 721 1182; x_wconf 78' lang='lat' dir='ltr'><strong>inter</strong></span> <span class='ocrx_word' id='word_1_71' title='bbox 742 1139 803 1184; x_wconf 92' lang='lat' dir='ltr'><strong>nos</strong></span> <span class='ocrx_word' id='word_1_72' title='bbox 831 1116 937 1182; x_wconf 78' lang='lat' dir='ltr'><strong>studia</strong></span> <span class='ocrx_word' id='word_1_73' title='bbox 960 1136 1105 1182; x_wconf 81' lang='lat' dir='ltr'><strong>exercere</strong></span> 
     </span>
     <span class='ocr_line' id='line_1_11' title="bbox 145 1205 1105 1291; baseline -0.002 -21"><span class='ocrx_word' id='word_1_74' title='bbox 145 1207 328 1289; x_wconf 89' lang='lat' dir='ltr'><strong>possemus!</strong></span> <span class='ocrx_word' id='word_1_75' title='bbox 357 1227 553 1290; x_wconf 88' lang='lat' dir='ltr'><strong>quamquam</strong></span> <span class='ocrx_word' id='word_1_76' title='bbox 578 1209 649 1271; x_wconf 71' lang='lat' dir='ltr'><strong>tum</strong></span> <span class='ocrx_word' id='word_1_77' title='bbox 672 1205 800 1291; x_wconf 88' lang='lat' dir='ltr'><strong>quidem</strong></span> <span class='ocrx_word' id='word_1_78' title='bbox 827 1206 878 1270; x_wconf 85' lang='lat' dir='ltr'><strong>vel</strong></span> <span class='ocrx_word' id='word_1_79' title='bbox 905 1205 987 1269; x_wconf 85' lang='lat' dir='ltr'><strong>aliae</strong></span> <span class='ocrx_word' id='word_1_80' title='bbox 1010 1226 1105 1288; x_wconf 90' lang='lat' dir='ltr'><strong>quae-</strong></span> 
     </span>
     <span class='ocr_line' id='line_1_12' title="bbox 145 1293 1105 1378; baseline 0 -21"><span class='ocrx_word' id='word_1_81' title='bbox 145 1293 236 1378; x_wconf 87' lang='lat' dir='ltr'><strong>piam</strong></span> <span class='ocrx_word' id='word_1_82' title='bbox 257 1294 400 1359; x_wconf 74' lang='lat' dir='ltr'><strong>rationes</strong></span> <span class='ocrx_word' id='word_1_83' title='bbox 427 1294 582 1360; x_wconf 79' lang='lat' dir='ltr'><strong>honestas</strong></span> <span class='ocrx_word' id='word_1_84' title='bbox 609 1295 704 1361; x_wconf 86' lang='lat' dir='ltr'><strong>nobis</strong></span> <span class='ocrx_word' id='word_1_85' title='bbox 730 1298 764 1359; x_wconf 71' lang='lat' dir='ltr'><strong>ei</strong></span> <span class='ocrx_word' id='word_1_86' title='bbox 786 1315 879 1359; x_wconf 84' lang='lat' dir='ltr'><strong>ouras</strong></span> <span class='ocrx_word' id='word_1_87' title='bbox 907 1296 940 1358; x_wconf 77' lang='lat' dir='ltr'><strong>er</strong></span> <span class='ocrx_word' id='word_1_88' title='bbox 962 1294 1105 1358; x_wconf 69' lang='lat' dir='ltr'><strong>aoiiones</strong></span> 
     </span>
     <span class='ocr_line' id='line_1_13' title="bbox 143 1381 1105 1468; baseline -0.001 -22"><span class='ocrx_word' id='word_1_89' title='bbox 143 1381 276 1465; x_wconf 77' lang='lat' dir='ltr'><strong>darent3</strong></span> <span class='ocrx_word' id='word_1_90' title='bbox 302 1403 390 1447; x_wconf 86' lang='lat' dir='ltr'><strong>nune</strong></span> <span class='ocrx_word' id='word_1_91' title='bbox 418 1385 526 1448; x_wconf 71' lang='lat' dir='ltr'><strong>aurem</strong></span> <span class='ocrx_word' id='word_1_92' title='bbox 553 1382 716 1468; x_wconf 79' lang='lat' dir='ltr'><strong>quidest,</strong></span> <span class='ocrx_word' id='word_1_93' title='bbox 744 1383 813 1448; x_wconf 86' lang='lat' dir='ltr'><strong>aino</strong></span> <span class='ocrx_word' id='word_1_94' title='bbox 840 1381 892 1448; x_wconf 87' lang='lat' dir='ltr'><strong>his</strong></span> <span class='ocrx_word' id='word_1_95' title='bbox 915 1403 972 1447; x_wconf 87' lang='lat' dir='ltr'><strong>our</strong></span> <span class='ocrx_word' id='word_1_96' title='bbox 998 1382 1105 1447; x_wconf 83' lang='lat' dir='ltr'><strong>vivere</strong></span> 
     </span>
     <span class='ocr_line' id='line_1_14' title="bbox 147 1469 1105 1556; baseline 0.001 -22"><span class='ocrx_word' id='word_1_97' title='bbox 147 1469 305 1535; x_wconf 82' lang='lat' dir='ltr'><strong>velimus?</strong></span> <span class='ocrx_word' id='word_1_98' title='bbox 337 1470 418 1536; x_wconf 91' lang='lat' dir='ltr'><strong>mihi</strong></span> <span class='ocrx_word' id='word_1_99' title='bbox 445 1493 521 1537; x_wconf 83' lang='lat' dir='ltr'><strong>vero</strong></span> <span class='ocrx_word' id='word_1_100' title='bbox 549 1492 622 1538; x_wconf 88' lang='lat' dir='ltr'><strong>eum</strong></span> <span class='ocrx_word' id='word_1_101' title='bbox 643 1471 695 1537; x_wconf 90' lang='lat' dir='ltr'><strong>his</strong></span> <span class='ocrx_word' id='word_1_102' title='bbox 717 1471 797 1556; x_wconf 92' lang='lat' dir='ltr'><strong>ipsis</strong></span> <span class='ocrx_word' id='word_1_103' title='bbox 824 1472 891 1555; x_wconf 86' lang='lat' dir='ltr'><strong>vix,</strong></span> <span class='ocrx_word' id='word_1_104' title='bbox 917 1470 969 1535; x_wconf 91' lang='lat' dir='ltr'><strong>his</strong></span> <span class='ocrx_word' id='word_1_105' title='bbox 996 1473 1105 1535; x_wconf 76' lang='lat' dir='ltr'><strong>autem</strong></span> 
     </span>
     <span class='ocr_line' id='line_1_15' title="bbox 142 1559 1105 1644; baseline -0.003 -20"><span class='ocrx_word' id='word_1_106' title='bbox 142 1559 301 1624; x_wconf 71' lang='lat' dir='ltr'><strong>‹letraoiis</strong></span> <span class='ocrx_word' id='word_1_107' title='bbox 322 1580 364 1624; x_wconf 90' lang='lat' dir='ltr'><strong>ne</strong></span> <span class='ocrx_word' id='word_1_108' title='bbox 387 1560 441 1624; x_wconf 83' lang='lat' dir='ltr'><strong>vix</strong></span> <span class='ocrx_word' id='word_1_109' title='bbox 462 1560 601 1644; x_wconf 85' lang='lat' dir='ltr'><strong>quidem.</strong></span> <span class='ocrx_word' id='word_1_110' title='bbox 646 1559 710 1626; x_wconf 81' lang='lat' dir='ltr'><strong>Sed</strong></span> <span class='ocrx_word' id='word_1_111' title='bbox 735 1560 817 1626; x_wconf 86' lang='lat' dir='ltr'><strong>haee</strong></span> <span class='ocrx_word' id='word_1_112' title='bbox 846 1581 955 1625; x_wconf 86' lang='lat' dir='ltr'><strong>eoram</strong></span> <span class='ocrx_word' id='word_1_113' title='bbox 982 1561 1016 1622; x_wconf 71' lang='lat' dir='ltr'><strong>et</strong></span> <span class='ocrx_word' id='word_1_114' title='bbox 1037 1579 1105 1622; x_wconf 87' lang='lat' dir='ltr'><strong>sae-</strong></span> 
     </span>
     <span class='ocr_line' id='line_1_16' title="bbox 144 1646 1105 1734; baseline -0.002 -22"><span class='ocrx_word' id='word_1_115' title='bbox 144 1648 229 1732; x_wconf 90' lang='lat' dir='ltr'><strong>pius.</strong></span> <span class='ocrx_word' id='word_1_116' title='bbox 274 1646 503 1734; x_wconf 75' lang='lat' dir='ltr'><strong>Migrationem</strong></span> <span class='ocrx_word' id='word_1_117' title='bbox 530 1653 564 1714; x_wconf 70' lang='lat' dir='ltr'><strong>ei</strong></span> <span class='ocrx_word' id='word_1_118' title='bbox 590 1649 788 1734; x_wconf 77' lang='lat' dir='ltr'><strong>emptionem</strong></span> <span class='ocrx_word' id='word_1_119' title='bbox 813 1647 951 1713; x_wconf 66' lang='lat' dir='ltr'><strong>feliciter</strong></span> <span class='ocrx_word' id='word_1_120' title='bbox 977 1647 1105 1712; x_wconf 83' lang='lat' dir='ltr'><strong>evenire</strong></span> 
     </span>
     <span class='ocr_line' id='line_1_17' title="bbox 142 1733 1107 1889; baseline -0.001 -88"><span class='ocrx_word' id='word_1_121' title='bbox 142 1736 222 1889; x_wconf 52' lang='lat' dir='ltr'><strong>repo</strong></span> <span class='ocrx_word' id='word_1_122' title='bbox 243 1739 399 1822; x_wconf 78' lang='lat' dir='ltr'><strong>mumque</strong></span> <span class='ocrx_word' id='word_1_123' title='bbox 421 1738 457 1804; x_wconf 92' lang='lat' dir='ltr'><strong>in</strong></span> <span class='ocrx_word' id='word_1_124' title='bbox 479 1758 518 1803; x_wconf 82' lang='lat' dir='ltr'><strong>ea</strong></span> <span class='ocrx_word' id='word_1_125' title='bbox 539 1758 574 1803; x_wconf 87' lang='lat' dir='ltr'><strong>re</strong></span> <span class='ocrx_word' id='word_1_126' title='bbox 597 1738 768 1804; x_wconf 86' lang='lat' dir='ltr'><strong>eonsilium</strong></span> <span class='ocrx_word' id='word_1_127' title='bbox 789 1737 902 1822; x_wconf 88' lang='lat' dir='ltr'><strong>probo.</strong></span> <span class='ocrx_word' id='word_1_128' title='bbox 947 1733 1046 1820; x_wconf 79' lang='lat' dir='ltr'><strong>Oura,</strong></span> <span class='ocrx_word' id='word_1_129' title='bbox 1068 1737 1107 1801; x_wconf 75' lang='lat' dir='ltr'><strong>ut</strong></span> 
     </span>
     <span class='ocr_line' id='line_1_18' title="bbox 143 1847 335 1898; baseline 0.021 -8"><span class='ocrx_word' id='word_1_130' title='bbox 143 1847 188 1890; x_wconf 73' lang='lat' dir='ltr'><strong>ra</strong></span> <span class='ocrx_word' id='word_1_131' title='bbox 201 1847 266 1898; x_wconf 87' lang='lat' dir='ltr'><strong>eas.</strong></span> <span class='ocrx_word' id='word_1_132' title='bbox 333 1863 335 1870; x_wconf 42' lang='lat' dir='ltr'>v</span> 
     </span>
    </p>
   </div>
   <div class='ocr_carea' id='block_1_3' title="bbox 593 1999 651 2067">
    <p class='ocr_par' dir='ltr' id='par_1_3' title="bbox 593 1999 651 2067">
     <span class='ocr_line' id='line_1_19' title="bbox 593 1999 651 2067; baseline 0.017 -1"><span class='ocrx_word' id='word_1_133' title='bbox 593 1999 651 2067; x_wconf 92' lang='lat' dir='ltr'><strong>IX.</strong></span> 
     </span>
    </p>
   </div>
   <div class='ocr_carea' id='block_1_4' title="bbox 325 2111 927 2172">
    <p class='ocr_par' dir='ltr' id='par_1_4' title="bbox 325 2111 927 2172">
     <span class='ocr_line' id='line_1_20' title="bbox 325 2111 927 2172; baseline -0.012 0"><span class='ocrx_word' id='word_1_134' title='bbox 325 2115 383 2172; x_wconf 80' lang='lat' dir='ltr'><strong>Sor.</strong></span> <span class='ocrx_word' id='word_1_135' title='bbox 402 2115 507 2171; x_wconf 83' lang='lat' dir='ltr'><strong>Romae</strong></span> <span class='ocrx_word' id='word_1_136' title='bbox 526 2130 621 2170; x_wconf 85' lang='lat' dir='ltr'><strong>mense</strong></span> <span class='ocrx_word' id='word_1_137' title='bbox 638 2111 714 2168; x_wconf 83' lang='lat' dir='ltr'><strong>Maio</strong></span> <span class='ocrx_word' id='word_1_138' title='bbox 733 2127 758 2166; x_wconf 88' lang='lat' dir='ltr'><strong>a.</strong></span> <span class='ocrx_word' id='word_1_139' title='bbox 777 2127 805 2166; x_wconf 87' lang='lat' dir='ltr'><strong>u.</strong></span> <span class='ocrx_word' id='word_1_140' title='bbox 823 2125 847 2166; x_wconf 81' lang='lat' dir='ltr'><strong>o.</strong></span> <span class='ocrx_word' id='word_1_141' title='bbox 867 2116 927 2166; x_wconf 78' lang='grc'><strong>706.</strong></span> 
     </span>
    </p>
   </div>
   <div class='ocr_carea' id='block_1_5' title="bbox 368 2233 882 2294">
    <p class='ocr_par' dir='ltr' id='par_1_5' title="bbox 368 2233 882 2294">
     <span class='ocr_line' id='line_1_21' title="bbox 368 2233 882 2294; baseline -0.012 0"><span class='ocrx_word' id='word_1_142' title='bbox 368 2237 587 2294; x_wconf 80' lang='lat' dir='ltr'><strong>DOLABELLA</strong></span> <span class='ocrx_word' id='word_1_143' title='bbox 605 2237 632 2294; x_wconf 80' lang='lat' dir='ltr'><strong>S.</strong></span> <span class='ocrx_word' id='word_1_144' title='bbox 651 2235 684 2292; x_wconf 91' lang='lat' dir='ltr'><strong>D.</strong></span> <span class='ocrx_word' id='word_1_145' title='bbox 704 2233 882 2291; x_wconf 80' lang='lat' dir='ltr'>CICERONI.</span> 
     </span>
    </p>
   </div>
   <div class='ocr_carea' id='block_1_6' title="bbox 143 2329 1140 3129">
    <p class='ocr_par' dir='ltr' id='par_1_6' title="bbox 143 2329 1140 3129">
     <span class='ocr_line' id='line_1_22' title="bbox 215 2329 1140 2424; baseline -0.01 -19"><span class='ocrx_word' id='word_1_146' title='bbox 215 2336 246 2406; x_wconf 85' lang='lat' dir='ltr'><strong>S.</strong></span> <span class='ocrx_word' id='word_1_147' title='bbox 268 2361 298 2404; x_wconf 84' lang='lat' dir='ltr'><strong>v.</strong></span> <span class='ocrx_word' id='word_1_148' title='bbox 325 2359 356 2424; x_wconf 81' lang='lat' dir='ltr'><strong>g.</strong></span> <span class='ocrx_word' id='word_1_149' title='bbox 383 2361 412 2403; x_wconf 87' lang='lat' dir='ltr'><strong>v.</strong></span> <span class='ocrx_word' id='word_1_150' title='bbox 444 2341 478 2402; x_wconf 73' lang='lat' dir='ltr'><strong>ei</strong></span> <span class='ocrx_word' id='word_1_151' title='bbox 499 2337 606 2403; x_wconf 84' lang='lat' dir='ltr'><strong>Tullia</strong></span> <span class='ocrx_word' id='word_1_152' title='bbox 636 2339 749 2402; x_wconf 75' lang='lat' dir='ltr'><strong>nostra</strong></span> <span class='ocrx_word' id='word_1_153' title='bbox 779 2337 865 2399; x_wconf 75' lang='lat' dir='ltr'><strong>reete</strong></span> <span class='ocrx_word' id='word_1_154' title='bbox 897 2354 927 2398; x_wconf 80' lang='lat' dir='ltr'><strong>r.</strong></span> <span class='ocrx_word' id='word_1_155' title='bbox 954 2329 1140 2396; x_wconf 75' lang='lat' dir='ltr'><strong>Terential</strong></span> 
     </span>
     <span class='ocr_line' id='line_1_23' title="bbox 145 2421 1105 2510; baseline -0.009 -18"><span class='ocrx_word' id='word_1_156' title='bbox 145 2428 254 2494; x_wconf 89' lang='lat' dir='ltr'><strong>minus</strong></span> <span class='ocrx_word' id='word_1_157' title='bbox 272 2426 357 2492; x_wconf 91' lang='lat' dir='ltr'><strong>belle</strong></span> <span class='ocrx_word' id='word_1_158' title='bbox 373 2427 498 2510; x_wconf 74' lang='lat' dir='ltr'><strong>habuit,</strong></span> <span class='ocrx_word' id='word_1_159' title='bbox 520 2425 576 2490; x_wconf 88' lang='lat' dir='ltr'><strong>sed</strong></span> <span class='ocrx_word' id='word_1_160' title='bbox 594 2428 718 2491; x_wconf 82' lang='lat' dir='ltr'><strong>eertum</strong></span> <span class='ocrx_word' id='word_1_161' title='bbox 736 2423 802 2489; x_wconf 87' lang='lat' dir='ltr'><strong>seio</strong></span> <span class='ocrx_word' id='word_1_162' title='bbox 819 2422 885 2486; x_wconf 87' lang='lat' dir='ltr'><strong>iam</strong></span> <span class='ocrx_word' id='word_1_163' title='bbox 904 2421 1105 2486; x_wconf 81' lang='lat' dir='ltr'><strong>convaluisse</strong></span> 
     </span>
     <span class='ocr_line' id='line_1_24' title="bbox 144 2507 1106 2600; baseline -0.009 -19"><span class='ocrx_word' id='word_1_164' title='bbox 144 2537 232 2600; x_wconf 81' lang='lat' dir='ltr'><strong>eam3</strong></span> <span class='ocrx_word' id='word_1_165' title='bbox 254 2518 421 2600; x_wconf 81' lang='lat' dir='ltr'><strong>praeterea</strong></span> <span class='ocrx_word' id='word_1_166' title='bbox 433 2514 610 2580; x_wconf 75' lang='lat' dir='ltr'><strong>rectissime</strong></span> <span class='ocrx_word' id='word_1_167' title='bbox 629 2516 706 2580; x_wconf 74' lang='lat' dir='ltr'><strong>suni</strong></span> <span class='ocrx_word' id='word_1_168' title='bbox 723 2511 809 2597; x_wconf 88' lang='lat' dir='ltr'><strong>apud</strong></span> <span class='ocrx_word' id='word_1_169' title='bbox 826 2514 860 2576; x_wconf 75' lang='lat' dir='ltr'><strong>te</strong></span> <span class='ocrx_word' id='word_1_170' title='bbox 879 2510 996 2576; x_wconf 87' lang='lat' dir='ltr'><strong>omnia.</strong></span> <span class='ocrx_word' id='word_1_171' title='bbox 1032 2507 1106 2574; x_wconf 75' lang='lat' dir='ltr'><strong>nesi</strong></span> 
     </span>
     <span class='ocr_line' id='line_1_25' title="bbox 146 2598 1105 2688; baseline -0.009 -18"><span class='ocrx_word' id='word_1_172' title='bbox 146 2605 237 2670; x_wconf 89' lang='lat' dir='ltr'><strong>nullo</strong></span> <span class='ocrx_word' id='word_1_173' title='bbox 260 2607 407 2688; x_wconf 79' lang='lat' dir='ltr'><strong>tempore</strong></span> <span class='ocrx_word' id='word_1_174' title='bbox 424 2603 461 2667; x_wconf 90' lang='lat' dir='ltr'><strong>in</strong></span> <span class='ocrx_word' id='word_1_175' title='bbox 478 2603 694 2687; x_wconf 81' lang='lat' dir='ltr'><strong>suspicionem</strong></span> <span class='ocrx_word' id='word_1_176' title='bbox 711 2601 773 2666; x_wconf 79' lang='lat' dir='ltr'><strong>tibi</strong></span> <span class='ocrx_word' id='word_1_177' title='bbox 790 2599 887 2664; x_wconf 87' lang='lat' dir='ltr'><strong>debui</strong></span> <span class='ocrx_word' id='word_1_178' title='bbox 904 2598 1014 2665; x_wconf 79' lang='lat' dir='ltr'><strong>venire</strong></span> <span class='ocrx_word' id='word_1_179' title='bbox 1032 2619 1105 2682; x_wconf 90' lang='lat' dir='ltr'><strong>par-</strong></span> 
     </span>
     <span class='ocr_line' id='line_1_26' title="bbox 145 2687 1107 2776; baseline -0.009 -18"><span class='ocrx_word' id='word_1_180' title='bbox 145 2693 230 2758; x_wconf 69' lang='lat' dir='ltr'><strong>tium</strong></span> <span class='ocrx_word' id='word_1_181' title='bbox 252 2714 349 2757; x_wconf 81' lang='lat' dir='ltr'><strong>eausa</strong></span> <span class='ocrx_word' id='word_1_182' title='bbox 371 2693 480 2776; x_wconf 76' lang='lat' dir='ltr'><strong>potius</strong></span> <span class='ocrx_word' id='word_1_183' title='bbox 502 2712 600 2775; x_wconf 84' lang='lat' dir='ltr'><strong>quam</strong></span> <span class='ocrx_word' id='word_1_184' title='bbox 617 2694 675 2756; x_wconf 71' lang='lat' dir='ltr'><strong>tua</strong></span> <span class='ocrx_word' id='word_1_185' title='bbox 691 2689 753 2754; x_wconf 81' lang='lat' dir='ltr'><strong>ribi</strong></span> <span class='ocrx_word' id='word_1_186' title='bbox 771 2687 914 2771; x_wconf 84' lang='lat' dir='ltr'><strong>suadere,</strong></span> <span class='ocrx_word' id='word_1_187' title='bbox 936 2691 974 2752; x_wconf 74' lang='lat' dir='ltr'><strong>ui</strong></span> <span class='ocrx_word' id='word_1_188' title='bbox 993 2689 1026 2750; x_wconf 81' lang='lat' dir='ltr'><strong>re</strong></span> <span class='ocrx_word' id='word_1_189' title='bbox 1049 2688 1107 2750; x_wconf 76' lang='lat' dir='ltr'><strong>aut</strong></span> 
     </span>
     <span class='ocr_line' id='line_1_27' title="bbox 146 2773 1106 2863; baseline -0.01 -16"><span class='ocrx_word' id='word_1_190' title='bbox 146 2803 220 2847; x_wconf 90' lang='lat' dir='ltr'><strong>oum</strong></span> <span class='ocrx_word' id='word_1_191' title='bbox 238 2778 375 2846; x_wconf 79' lang='lat' dir='ltr'><strong>Caesare</strong></span> <span class='ocrx_word' id='word_1_192' title='bbox 398 2779 630 2863; x_wconf 79' lang='lat' dir='ltr'><strong>nobiscumque</strong></span> <span class='ocrx_word' id='word_1_193' title='bbox 649 2778 862 2862; x_wconf 82' lang='lat' dir='ltr'><strong>coniungeres</strong></span> <span class='ocrx_word' id='word_1_194' title='bbox 880 2777 939 2839; x_wconf 73' lang='lat' dir='ltr'><strong>aui</strong></span> <span class='ocrx_word' id='word_1_195' title='bbox 961 2777 1047 2839; x_wconf 68' lang='lat' dir='ltr'><strong>ceree</strong></span> <span class='ocrx_word' id='word_1_196' title='bbox 1069 2773 1106 2838; x_wconf 91' lang='lat' dir='ltr'><strong>in</strong></span> 
     </span>
     <span class='ocr_line' id='line_1_28' title="bbox 143 2862 1105 2953; baseline -0.009 -18"><span class='ocrx_word' id='word_1_197' title='bbox 143 2870 250 2935; x_wconf 77' lang='lat' dir='ltr'><strong>otium</strong></span> <span class='ocrx_word' id='word_1_198' title='bbox 271 2870 417 2953; x_wconf 87' lang='lat' dir='ltr'><strong>referres,</strong></span> <span class='ocrx_word' id='word_1_199' title='bbox 439 2868 610 2953; x_wconf 76' lang='lat' dir='ltr'><strong>praecipue</strong></span> <span class='ocrx_word' id='word_1_200' title='bbox 632 2865 808 2932; x_wconf 81' lang='lat' dir='ltr'><strong>nunciam</strong></span> <span class='ocrx_word' id='word_1_201' title='bbox 830 2863 987 2928; x_wconf 74' lang='lat' dir='ltr'><strong>inclinata</strong></span> <span class='ocrx_word' id='word_1_202' title='bbox 1004 2862 1105 2927; x_wconf 76' lang='lat' dir='ltr'><strong>vieto·</strong></span> 
     </span>
     <span class='ocr_line' id='line_1_29' title="bbox 145 2950 1105 3043; baseline -0.008 -21"><span class='ocrx_word' id='word_1_203' title='bbox 145 2959 195 3022; x_wconf 83' lang='lat' dir='ltr'><strong>ria</strong></span> <span class='ocrx_word' id='word_1_204' title='bbox 217 2980 258 3022; x_wconf 91' lang='lat' dir='ltr'><strong>ne</strong></span> <span class='ocrx_word' id='word_1_205' title='bbox 281 2979 414 3043; x_wconf 85' lang='lat' dir='ltr'><strong>possum</strong></span> <span class='ocrx_word' id='word_1_206' title='bbox 438 2957 567 3041; x_wconf 87' lang='lat' dir='ltr'><strong>quidem</strong></span> <span class='ocrx_word' id='word_1_207' title='bbox 588 2956 624 3020; x_wconf 92' lang='lat' dir='ltr'><strong>in</strong></span> <span class='ocrx_word' id='word_1_208' title='bbox 641 2955 742 3019; x_wconf 90' lang='lat' dir='ltr'><strong>ullam</strong></span> <span class='ocrx_word' id='word_1_209' title='bbox 760 2953 858 3017; x_wconf 82' lang='lat' dir='ltr'><strong>aliam</strong></span> <span class='ocrx_word' id='word_1_210' title='bbox 874 2951 1016 3017; x_wconf 81' lang='lat' dir='ltr'><strong>incidere</strong></span> <span class='ocrx_word' id='word_1_211' title='bbox 1036 2950 1105 3034; x_wconf 93' lang='lat' dir='ltr'><strong>opi·</strong></span> 
     </span>
     <span class='ocr_line' id='line_1_30' title="bbox 146 3037 1105 3129; baseline -0.01 -17"><span class='ocrx_word' id='word_1_212' title='bbox 146 3047 278 3112; x_wconf 90' lang='lat' dir='ltr'><strong>nionem</strong></span> <span class='ocrx_word' id='word_1_213' title='bbox 301 3047 365 3110; x_wconf 88' lang='lat' dir='ltr'><strong>nisi</strong></span> <span class='ocrx_word' id='word_1_214' title='bbox 391 3046 427 3111; x_wconf 91' lang='lat' dir='ltr'><strong>in</strong></span> <span class='ocrx_word' id='word_1_215' title='bbox 450 3066 534 3129; x_wconf 88' lang='lat' dir='ltr'><strong>eam,</strong></span> <span class='ocrx_word' id='word_1_216' title='bbox 564 3065 628 3129; x_wconf 89' lang='lat' dir='ltr'><strong>qua</strong></span> <span class='ocrx_word' id='word_1_217' title='bbox 651 3042 772 3108; x_wconf 75' lang='lat' dir='ltr'><strong>scilieet</strong></span> <span class='ocrx_word' id='word_1_218' title='bbox 793 3042 865 3120; x_wconf 65' lang='grc' dir='ltr'><strong>ΗΘ</strong></span> <span class='ocrx_word' id='word_1_219' title='bbox 887 3040 948 3106; x_wconf 76' lang='lat' dir='ltr'><strong>eibi</strong></span> <span class='ocrx_word' id='word_1_220' title='bbox 971 3037 1105 3104; x_wconf 88' lang='lat' dir='ltr'><strong>suadere</strong></span> 
     </span>
    </p>
   </div>
   <div class='ocr_carea' id='block_1_7' title="bbox 144 3125 1105 3308">
    <p class='ocr_par' dir='ltr' id='par_1_7' title="bbox 144 3125 1105 3308">
     <span class='ocr_line' id='line_1_31' title="bbox 146 3125 1105 3220; baseline -0.011 -20"><span class='ocrx_word' id='word_1_221' title='bbox 146 3134 270 3220; x_wconf 81' lang='lat' dir='ltr'><strong>ridear,</strong></span> <span class='ocrx_word' id='word_1_222' title='bbox 292 3134 379 3219; x_wconf 89' lang='lat' dir='ltr'><strong>quod</strong></span> <span class='ocrx_word' id='word_1_223' title='bbox 401 3134 453 3219; x_wconf 90' lang='lat' dir='ltr'><strong>pie</strong></span> <span class='ocrx_word' id='word_1_224' title='bbox 475 3137 583 3198; x_wconf 78' lang='lat' dir='ltr'><strong>taoere</strong></span> <span class='ocrx_word' id='word_1_225' title='bbox 605 3154 674 3198; x_wconf 91' lang='lat' dir='ltr'><strong>non</strong></span> <span class='ocrx_word' id='word_1_226' title='bbox 696 3131 831 3216; x_wconf 77' lang='lat' dir='ltr'><strong>possim3</strong></span> <span class='ocrx_word' id='word_1_227' title='bbox 859 3132 896 3193; x_wconf 69' lang='lat' dir='ltr'><strong>iu</strong></span> <span class='ocrx_word' id='word_1_228' title='bbox 919 3131 1036 3210; x_wconf 77' lang='lat' dir='ltr'><strong>autem,</strong></span> <span class='ocrx_word' id='word_1_229' title='bbox 1059 3125 1105 3190; x_wconf 92' lang='lat' dir='ltr'><strong>mi</strong></span> 
     </span>
     <span class='ocr_line' id='line_1_32' title="bbox 144 3213 1105 3308; baseline -0.015 -18"><span class='ocrx_word' id='word_1_230' title='bbox 144 3221 272 3308; x_wconf 77' lang='lat' dir='ltr'><strong>(iioero,</strong></span> <span class='ocrx_word' id='word_1_231' title='bbox 298 3223 327 3288; x_wconf 90' lang='lat' dir='ltr'><strong>si</strong></span> <span class='ocrx_word' id='word_1_232' title='bbox 348 3223 430 3288; x_wconf 88' lang='lat' dir='ltr'><strong>haee</strong></span> <span class='ocrx_word' id='word_1_233' title='bbox 452 3221 603 3306; x_wconf 87' lang='lat' dir='ltr'><strong>aooipies,</strong></span> <span class='ocrx_word' id='word_1_234' title='bbox 624 3223 675 3305; x_wconf 72' lang='lat' dir='ltr'><strong>ub,</strong></span> <span class='ocrx_word' id='word_1_235' title='bbox 703 3220 769 3286; x_wconf 82' lang='lat' dir='ltr'><strong>sive</strong></span> <span class='ocrx_word' id='word_1_236' title='bbox 795 3216 1021 3304; x_wconf 75' lang='lat' dir='ltr'><strong>probabuntur</strong></span> <span class='ocrx_word' id='word_1_237' title='bbox 1043 3213 1105 3277; x_wconf 78' lang='lat' dir='ltr'><strong>tibi</strong></span> 
     </span>
    </p>
   </div>
   <div class='ocr_carea' id='block_1_8' title="bbox 143 3386 1105 3681">
    <p class='ocr_par' dir='ltr' id='par_1_8' title="bbox 143 3386 1105 3681">
     <span class='ocr_line' id='line_1_33' title="bbox 216 3386 1103 3513; baseline -0.014 -60"><span class='ocrx_word' id='word_1_238' title='bbox 216 3397 269 3468; x_wconf 82' lang='lat' dir='ltr'><strong>Ep.</strong></span> <span class='ocrx_word' id='word_1_239' title='bbox 288 3404 314 3466; x_wconf 83' lang='lat'><strong>8,</strong></span> <span class='ocrx_word' id='word_1_240' title='bbox 328 3404 353 3452; x_wconf 74' lang='lat'><strong>2.</strong></span> <span class='ocrx_word' id='word_1_241' title='bbox 389 3402 416 3452; x_wconf 77' lang='lat' dir='ltr'><strong>et</strong></span> <span class='ocrx_word' id='word_1_242' title='bbox 433 3397 466 3452; x_wconf 80' lang='lat' dir='ltr'><strong>de</strong></span> <span class='ocrx_word' id='word_1_243' title='bbox 483 3396 570 3462; x_wconf 77' lang='lat' dir='ltr'><strong>nobie,</strong></span> <span class='ocrx_word' id='word_1_244' title='bbox 587 3393 749 3477; x_wconf 52' lang='grc' dir='ltr'><strong>ΜΝ).</strong></span> <span class='ocrx_word' id='word_1_245' title='bbox 786 3395 812 3447; x_wconf 81' lang='lat' dir='ltr'><strong>et</strong></span> <span class='ocrx_word' id='word_1_246' title='bbox 829 3391 862 3446; x_wconf 80' lang='lat' dir='ltr'><strong>de</strong></span> <span class='ocrx_word' id='word_1_247' title='bbox 879 3389 957 3513; x_wconf 52' lang='lat' dir='ltr'><strong>ophis</strong></span> <span class='ocrx_word' id='word_1_248' title='bbox 969 3388 999 3470; x_wconf 32' lang='grc' dir='ltr'><strong>ὁ..</strong></span> <span class='ocrx_word' id='word_1_249' title='bbox 1008 3386 1103 3456; x_wconf 80' lang='lat' dir='ltr'><strong>vulgo.</strong></span> 
     </span>
     <span class='ocr_line' id='line_1_34' title="bbox 143 3462 1105 3681; baseline -0.014 -86"><span class='ocrx_word' id='word_1_250' title='bbox 143 3469 261 3665; x_wconf 46' lang='grc' dir='ltr'><strong>ἐξὲξ..</strong></span> <span class='ocrx_word' id='word_1_251' title='bbox 267 3467 647 3681; x_wconf 45' lang='lat' dir='ltr'><strong>§iffi-iiiiii</strong></span> <span class='ocrx_word' id='word_1_252' title='bbox 660 3481 694 3590; x_wconf 67' lang='lat'><strong>2?</strong></span> <span class='ocrx_word' id='word_1_253' title='bbox 704 3478 858 3603; x_wconf 48' lang='lat' dir='ltr'><strong>urire&amp;</strong></span> <span class='ocrx_word' id='word_1_254' title='bbox 875 3463 906 3584; x_wconf 63' lang='lat' dir='ltr'><strong>i.</strong></span> <span class='ocrx_word' id='word_1_255' title='bbox 924 3462 1105 3598; x_wconf 68' lang='lat' dir='ltr'><strong>auu</strong></span> 
     </span>
     <span class='ocr_line' id='line_1_35' title="bbox 144 3625 463 3666; baseline -0.003 0"><span class='ocrx_word' id='word_1_256' title='bbox 144 3625 182 3666; x_wconf 87' lang='lat' dir='ltr'><strong>au</strong></span> <span class='ocrx_word' id='word_1_257' title='bbox 212 3627 248 3666; x_wconf 85' lang='lat' dir='ltr'><strong>so.</strong></span> <span class='ocrx_word' id='word_1_258' title='bbox 328 3629 339 3666; x_wconf 80' lang='lat' dir='ltr'><strong>a</strong></span> <span class='ocrx_word' id='word_1_259' title='bbox 421 3627 463 3666; x_wconf 90' lang='lat' dir='ltr'><strong>r..</strong></span> 
     </span>
    </p>
   </div>
   <div class='ocr_carea' id='block_1_9' title="bbox 0 0 1343 3984">
    <p class='ocr_par' dir='ltr' id='par_1_9' title="bbox 0 0 1343 3984">
     <span class='ocr_line' id='line_1_36' title="bbox 0 0 1343 3984; baseline 0 0"><span class='ocrx_word' id='word_1_260' title='bbox 0 0 1343 3984; x_wconf 95' lang='lat' dir='ltr'><strong> </strong></span> 
     </span>
    </p>
   </div>
  </div>
 </body>
</html>
