<?xml version="1.0" encoding="UTF-8"?>
<!DOCTYPE html PUBLIC "-//W3C//DTD XHTML 1.0 Transitional//EN"
    "http://www.w3.org/TR/xhtml1/DTD/xhtml1-transitional.dtd">
<html xmlns="http://www.w3.org/1999/xhtml" xml:lang="en" lang="en">
 <head>
  <title>
</title>
<meta http-equiv="Content-Type" content="text/html;charset=utf-8" />
  <meta name='ocr-system' content='tesseract 3.04.00' />
  <meta name='ocr-capabilities' content='ocr_page ocr_carea ocr_par ocr_line ocrx_word'/>
</head>
<body>
  <div class='ocr_page' id='page_1' title='image "./epistolae00wesegoog_0502.png"; bbox 0 0 2606 3994; ppageno 0'>
   <div class='ocr_carea' id='block_1_1' title="bbox 229 204 1005 272">
    <p class='ocr_par' dir='ltr' id='par_1_1' title="bbox 229 204 1005 272">
     <span class='ocr_line' id='line_1_1' title="bbox 229 204 1005 272; baseline -0.018 0"><span class='ocrx_word' id='word_1_1' title='bbox 229 205 296 272; x_wconf 85' lang='grc'><strong>490</strong></span> <span class='ocrx_word' id='word_1_2' title='bbox 512 207 550 262; x_wconf 86' lang='grc' dir='ltr'><strong>Μ.</strong></span> <span class='ocrx_word' id='word_1_3' title='bbox 566 206 694 272; x_wconf 84' lang='lat' dir='ltr'>TULLII</span> <span class='ocrx_word' id='word_1_4' title='bbox 712 204 903 264; x_wconf 80' lang='lat' dir='ltr'>CICERONIS</span> <span class='ocrx_word' id='word_1_5' title='bbox 998 241 1005 258; x_wconf 86' lang='lat'><strong>.</strong></span> 
     </span>
    </p>
   </div>
   <div class='ocr_carea' id='block_1_2' title="bbox 191 351 1185 1310">
    <p class='ocr_par' dir='ltr' id='par_1_2' title="bbox 227 351 1185 700">
     <span class='ocr_line' id='line_1_2' title="bbox 228 351 1185 438; baseline 0 -22"><span class='ocrx_word' id='word_1_6' title='bbox 228 372 293 436; x_wconf 92' lang='lat' dir='ltr'><strong>quo</strong></span> <span class='ocrx_word' id='word_1_7' title='bbox 307 351 415 416; x_wconf 85' lang='lat' dir='ltr'><strong>animo</strong></span> <span class='ocrx_word' id='word_1_8' title='bbox 433 351 568 416; x_wconf 87' lang='lat' dir='ltr'><strong>fortiore</strong></span> <span class='ocrx_word' id='word_1_9' title='bbox 587 351 709 435; x_wconf 84' lang='lat' dir='ltr'><strong>essetis,</strong></span> <span class='ocrx_word' id='word_1_10' title='bbox 727 351 790 416; x_wconf 89' lang='lat' dir='ltr'><strong>nisi</strong></span> <span class='ocrx_word' id='word_1_11' title='bbox 808 373 866 417; x_wconf 84' lang='lat' dir='ltr'><strong>vos</strong></span> <span class='ocrx_word' id='word_1_12' title='bbox 884 351 1036 418; x_wconf 84' lang='lat' dir='ltr'><strong>fortiores</strong></span> <span class='ocrx_word' id='word_1_13' title='bbox 1050 373 1185 438; x_wconf 85' lang='lat' dir='ltr'><strong>eognos-</strong></span> 
     </span>
     <span class='ocr_line' id='line_1_3' title="bbox 228 439 1185 527; baseline 0.001 -23"><span class='ocrx_word' id='word_1_14' title='bbox 228 461 297 504; x_wconf 89' lang='lat' dir='ltr'><strong>sem</strong></span> <span class='ocrx_word' id='word_1_15' title='bbox 319 461 416 524; x_wconf 91' lang='lat' dir='ltr'><strong>quam</strong></span> <span class='ocrx_word' id='word_1_16' title='bbox 443 461 637 527; x_wconf 82' lang='lat' dir='ltr'><strong>qpemquam</strong></span> <span class='ocrx_word' id='word_1_17' title='bbox 663 439 776 504; x_wconf 82' lang='lat' dir='ltr'><strong>virum.</strong></span> <span class='ocrx_word' id='word_1_18' title='bbox 820 439 866 505; x_wconf 90' lang='lat' dir='ltr'><strong>Et</strong></span> <span class='ocrx_word' id='word_1_19' title='bbox 891 444 1003 505; x_wconf 87' lang='lat' dir='ltr'><strong>tamen</strong></span> <span class='ocrx_word' id='word_1_20' title='bbox 1030 441 1185 506; x_wconf 90' lang='lat' dir='ltr'><strong>eiusmodi</strong></span> 
     </span>
     <span class='ocr_line' id='line_1_4' title="bbox 228 529 1185 614; baseline 0.001 -21"><span class='ocrx_word' id='word_1_21' title='bbox 228 550 321 612; x_wconf 89' lang='lat' dir='ltr'><strong>spero</strong></span> <span class='ocrx_word' id='word_1_22' title='bbox 344 530 477 614; x_wconf 84' lang='lat' dir='ltr'><strong>negotia</strong></span> <span class='ocrx_word' id='word_1_23' title='bbox 504 549 588 612; x_wconf 83' lang='lat' dir='ltr'><strong>esse,</strong></span> <span class='ocrx_word' id='word_1_24' title='bbox 618 531 715 594; x_wconf 78' lang='lat' dir='ltr'><strong>utet</strong></span> <span class='ocrx_word' id='word_1_25' title='bbox 741 550 800 593; x_wconf 79' lang='lat' dir='ltr'><strong>vos</strong></span> <span class='ocrx_word' id='word_1_26' title='bbox 826 529 900 593; x_wconf 85' lang='lat' dir='ltr'><strong>istie</strong></span> <span class='ocrx_word' id='word_1_27' title='bbox 930 529 1185 595; x_wconf 80' lang='lat' dir='ltr'><strong>commodissime</strong></span> 
     </span>
     <span class='ocr_line' id='line_1_5' title="bbox 227 616 1185 700; baseline 0.001 -19"><span class='ocrx_word' id='word_1_28' title='bbox 227 638 353 700; x_wconf 85' lang='lat' dir='ltr'><strong>sperem</strong></span> <span class='ocrx_word' id='word_1_29' title='bbox 376 638 445 680; x_wconf 84' lang='lat' dir='ltr'><strong>esse</strong></span> <span class='ocrx_word' id='word_1_30' title='bbox 469 619 502 680; x_wconf 92' lang='lat' dir='ltr'><strong>et</strong></span> <span class='ocrx_word' id='word_1_31' title='bbox 523 639 574 681; x_wconf 90' lang='lat' dir='ltr'><strong>me</strong></span> <span class='ocrx_word' id='word_1_32' title='bbox 602 616 776 700; x_wconf 87' lang='lat' dir='ltr'><strong>aliquando</strong></span> <span class='ocrx_word' id='word_1_33' title='bbox 800 638 872 682; x_wconf 88' lang='lat' dir='ltr'><strong>oum</strong></span> <span class='ocrx_word' id='word_1_34' title='bbox 902 617 1059 682; x_wconf 81' lang='lat' dir='ltr'><strong>similibus</strong></span> <span class='ocrx_word' id='word_1_35' title='bbox 1082 619 1185 684; x_wconf 88' lang='lat' dir='ltr'><strong>nostri</strong></span> 
     </span>
    </p>

    <p class='ocr_par' dir='ltr' id='par_1_3' title="bbox 191 705 1185 1310">
     <span class='ocr_line' id='line_1_6' title="bbox 191 705 1184 789; baseline 0.002 -19"><span class='ocrx_word' id='word_1_36' title='bbox 191 721 295 770; x_wconf 85' lang='lat' dir='ltr'><strong>arem</strong></span> <span class='ocrx_word' id='word_1_37' title='bbox 318 705 481 789; x_wconf 83' lang='lat' dir='ltr'><strong>publicam</strong></span> <span class='ocrx_word' id='word_1_38' title='bbox 503 705 524 784; x_wconf 90' lang='lat'>†</span> <span class='ocrx_word' id='word_1_39' title='bbox 547 705 745 771; x_wconf 84' lang='lat' dir='ltr'><strong>defensuros.</strong></span> <span class='ocrx_word' id='word_1_40' title='bbox 790 705 841 770; x_wconf 90' lang='lat' dir='ltr'><strong>Tu</strong></span> <span class='ocrx_word' id='word_1_41' title='bbox 867 707 1008 789; x_wconf 91' lang='lat' dir='ltr'><strong>primum</strong></span> <span class='ocrx_word' id='word_1_42' title='bbox 1030 707 1184 772; x_wconf 80' lang='lat' dir='ltr'><strong>valetudi-</strong></span> 
     </span>
     <span class='ocr_line' id='line_1_7' title="bbox 226 793 1185 880; baseline 0.002 -22"><span class='ocrx_word' id='word_1_43' title='bbox 226 815 302 860; x_wconf 89' lang='lat' dir='ltr'><strong>nem</strong></span> <span class='ocrx_word' id='word_1_44' title='bbox 328 797 419 860; x_wconf 91' lang='lat' dir='ltr'><strong>tuam</strong></span> <span class='ocrx_word' id='word_1_45' title='bbox 445 794 542 860; x_wconf 81' lang='lat' dir='ltr'><strong>velim</strong></span> <span class='ocrx_word' id='word_1_46' title='bbox 569 815 674 878; x_wconf 75' lang='lat' dir='ltr'><strong>eures3</strong></span> <span class='ocrx_word' id='word_1_47' title='bbox 705 793 834 879; x_wconf 87' lang='lat' dir='ltr'><strong>deindo,</strong></span> <span class='ocrx_word' id='word_1_48' title='bbox 866 795 894 859; x_wconf 91' lang='lat' dir='ltr'><strong>si</strong></span> <span class='ocrx_word' id='word_1_49' title='bbox 925 794 986 859; x_wconf 91' lang='lat' dir='ltr'><strong>tibi</strong></span> <span class='ocrx_word' id='word_1_50' title='bbox 1017 795 1185 880; x_wconf 81' lang='lat' dir='ltr'><strong>videbitur,</strong></span> 
     </span>
     <span class='ocr_line' id='line_1_8' title="bbox 226 882 1184 968; baseline 0.004 -22"><span class='ocrx_word' id='word_1_51' title='bbox 226 882 311 948; x_wconf 85' lang='lat' dir='ltr'><strong>villis</strong></span> <span class='ocrx_word' id='word_1_52' title='bbox 328 883 369 946; x_wconf 89' lang='lat' dir='ltr'><strong>iis</strong></span> <span class='ocrx_word' id='word_1_53' title='bbox 387 886 488 967; x_wconf 85' lang='lat' dir='ltr'><strong>utare,</strong></span> <span class='ocrx_word' id='word_1_54' title='bbox 511 905 592 967; x_wconf 87' lang='lat' dir='ltr'><strong>quae</strong></span> <span class='ocrx_word' id='word_1_55' title='bbox 610 883 798 968; x_wconf 78' lang='lat' dir='ltr'><strong>longissime</strong></span> <span class='ocrx_word' id='word_1_56' title='bbox 818 882 955 948; x_wconf 87' lang='lat' dir='ltr'><strong>aberunt</strong></span> <span class='ocrx_word' id='word_1_57' title='bbox 978 905 998 948; x_wconf 84' lang='lat' dir='ltr'><strong>a</strong></span> <span class='ocrx_word' id='word_1_58' title='bbox 1019 884 1184 950; x_wconf 76' lang='lat' dir='ltr'><strong>militibus.</strong></span> 
     </span>
     <span class='ocr_line' id='line_1_9' title="bbox 226 969 1184 1055; baseline 0.003 -20"><span class='ocrx_word' id='word_1_59' title='bbox 226 969 341 1036; x_wconf 84' lang='lat' dir='ltr'><strong>Fando</strong></span> <span class='ocrx_word' id='word_1_60' title='bbox 369 972 520 1055; x_wconf 73' lang='lat' dir='ltr'><strong>Arpinati</strong></span> <span class='ocrx_word' id='word_1_61' title='bbox 546 971 629 1038; x_wconf 85' lang='lat' dir='ltr'><strong>bene</strong></span> <span class='ocrx_word' id='word_1_62' title='bbox 660 972 781 1055; x_wconf 85' lang='lat' dir='ltr'><strong>poteris</strong></span> <span class='ocrx_word' id='word_1_63' title='bbox 808 972 858 1037; x_wconf 88' lang='lat' dir='ltr'><strong>uti</strong></span> <span class='ocrx_word' id='word_1_64' title='bbox 885 993 958 1036; x_wconf 87' lang='lat' dir='ltr'><strong>eum</strong></span> <span class='ocrx_word' id='word_1_65' title='bbox 988 971 1112 1038; x_wconf 89' lang='lat' dir='ltr'><strong>familia</strong></span> <span class='ocrx_word' id='word_1_66' title='bbox 1135 995 1184 1038; x_wconf 88' lang='lat' dir='ltr'><strong>ur·</strong></span> 
     </span>
     <span class='ocr_line' id='line_1_10' title="bbox 225 1057 1183 1144; baseline 0.003 -21"><span class='ocrx_word' id='word_1_67' title='bbox 225 1059 325 1144; x_wconf 85' lang='lat' dir='ltr'><strong>bana,</strong></span> <span class='ocrx_word' id='word_1_68' title='bbox 353 1060 380 1126; x_wconf 92' lang='lat' dir='ltr'><strong>si</strong></span> <span class='ocrx_word' id='word_1_69' title='bbox 408 1083 539 1126; x_wconf 85' lang='lat' dir='ltr'><strong>annona</strong></span> <span class='ocrx_word' id='word_1_70' title='bbox 566 1060 670 1126; x_wconf 79' lang='lat' dir='ltr'><strong>carior</strong></span> <span class='ocrx_word' id='word_1_71' title='bbox 698 1060 805 1126; x_wconf 86' lang='lat' dir='ltr'><strong>fuerit.</strong></span> <span class='ocrx_word' id='word_1_72' title='bbox 851 1057 963 1128; x_wconf 80' lang='lat' dir='ltr'><strong>Cicero</strong></span> <span class='ocrx_word' id='word_1_73' title='bbox 990 1061 1183 1127; x_wconf 86' lang='lat' dir='ltr'><strong>bellissimus</strong></span> 
     </span>
     <span class='ocr_line' id='line_1_11' title="bbox 225 1147 1184 1234; baseline 0.005 -23"><span class='ocrx_word' id='word_1_74' title='bbox 225 1148 286 1214; x_wconf 87' lang='lat' dir='ltr'><strong>tibi</strong></span> <span class='ocrx_word' id='word_1_75' title='bbox 318 1150 455 1216; x_wconf 88' lang='lat' dir='ltr'><strong>salutem</strong></span> <span class='ocrx_word' id='word_1_76' title='bbox 486 1149 658 1234; x_wconf 83' lang='lat' dir='ltr'><strong>plurimam</strong></span> <span class='ocrx_word' id='word_1_77' title='bbox 690 1149 776 1214; x_wconf 86' lang='lat' dir='ltr'><strong>dioit.</strong></span> <span class='ocrx_word' id='word_1_78' title='bbox 821 1147 931 1216; x_wconf 87' lang='lat' dir='ltr'><strong>Etiam</strong></span> <span class='ocrx_word' id='word_1_79' title='bbox 959 1151 1055 1234; x_wconf 85' lang='lat' dir='ltr'><strong>atque</strong></span> <span class='ocrx_word' id='word_1_80' title='bbox 1086 1151 1184 1216; x_wconf 87' lang='lat' dir='ltr'><strong>etiam</strong></span> 
     </span>
     <span class='ocr_line' id='line_1_12' title="bbox 226 1237 665 1310; baseline 0 -8"><span class='ocrx_word' id='word_1_81' title='bbox 226 1237 306 1308; x_wconf 79' lang='lat' dir='ltr'><strong>vale.</strong></span> <span class='ocrx_word' id='word_1_82' title='bbox 350 1237 390 1306; x_wconf 92' lang='lat' dir='ltr'><strong>D.</strong></span> <span class='ocrx_word' id='word_1_83' title='bbox 413 1256 470 1310; x_wconf 81' lang='lat' dir='ltr'><strong>vu.</strong></span> <span class='ocrx_word' id='word_1_84' title='bbox 492 1237 570 1305; x_wconf 90' lang='lat' dir='ltr'><strong>Idus</strong></span> <span class='ocrx_word' id='word_1_85' title='bbox 592 1237 665 1303; x_wconf 84' lang='lat' dir='ltr'><strong>Iun.</strong></span> 
     </span>
    </p>
   </div>
   <div class='ocr_carea' id='block_1_3' title="bbox 247 1429 1161 1612">
    <p class='ocr_par' dir='ltr' id='par_1_4' title="bbox 247 1429 1161 1612">
     <span class='ocr_line' id='line_1_13' title="bbox 657 1429 751 1498; baseline 0.021 -2"><span class='ocrx_word' id='word_1_86' title='bbox 657 1429 751 1498; x_wconf 84' lang='lat' dir='ltr'><strong>VIII.</strong></span> 
     </span>
     <span class='ocr_line' id='line_1_14' title="bbox 247 1542 1161 1612; baseline 0.003 -15"><span class='ocrx_word' id='word_1_87' title='bbox 247 1542 304 1597; x_wconf 82' lang='lat' dir='ltr'><strong>Sor.</strong></span> <span class='ocrx_word' id='word_1_88' title='bbox 324 1543 354 1597; x_wconf 87' lang='lat' dir='ltr'><strong>iu</strong></span> <span class='ocrx_word' id='word_1_89' title='bbox 373 1543 473 1599; x_wconf 83' lang='lat' dir='ltr'><strong>eastris</strong></span> <span class='ocrx_word' id='word_1_90' title='bbox 491 1543 619 1612; x_wconf 91' lang='lat' dir='ltr'><strong>Pompeii</strong></span> <span class='ocrx_word' id='word_1_91' title='bbox 637 1559 662 1597; x_wconf 88' lang='lat' dir='ltr'><strong>a.</strong></span> <span class='ocrx_word' id='word_1_92' title='bbox 681 1543 708 1596; x_wconf 92' lang='lat' dir='ltr'><strong>d.</strong></span> <span class='ocrx_word' id='word_1_93' title='bbox 726 1543 774 1598; x_wconf 86' lang='lat' dir='ltr'><strong>IV.</strong></span> <span class='ocrx_word' id='word_1_94' title='bbox 793 1543 865 1600; x_wconf 86' lang='lat' dir='ltr'><strong>Nou.</strong></span> <span class='ocrx_word' id='word_1_95' title='bbox 885 1543 945 1598; x_wconf 88' lang='lat' dir='ltr'><strong>Iun.</strong></span> <span class='ocrx_word' id='word_1_96' title='bbox 966 1559 990 1599; x_wconf 79' lang='lat' dir='ltr'><strong>a.</strong></span> <span class='ocrx_word' id='word_1_97' title='bbox 1010 1562 1037 1598; x_wconf 86' lang='lat' dir='ltr'><strong>u.</strong></span> <span class='ocrx_word' id='word_1_98' title='bbox 1056 1561 1080 1600; x_wconf 88' lang='lat' dir='ltr'><strong>o.</strong></span> <span class='ocrx_word' id='word_1_99' title='bbox 1100 1551 1161 1600; x_wconf 81' lang='lat'><strong>⁷06.</strong></span> 
     </span>
    </p>
   </div>
   <div class='ocr_carea' id='block_1_4' title="bbox 292 1665 1182 1852">
    <p class='ocr_par' dir='ltr' id='par_1_5' title="bbox 292 1665 1182 1852">
     <span class='ocr_line' id='line_1_15' title="bbox 402 1665 1000 1724; baseline 0.003 -4"><span class='ocrx_word' id='word_1_100' title='bbox 402 1665 557 1722; x_wconf 80' lang='lat' dir='ltr'>TULLIUS</span> <span class='ocrx_word' id='word_1_101' title='bbox 577 1667 790 1724; x_wconf 82' lang='lat' dir='ltr'><strong>TERENTIAE</strong></span> <span class='ocrx_word' id='word_1_102' title='bbox 810 1666 904 1722; x_wconf 83' lang='lat' dir='ltr'>SUAE</span> <span class='ocrx_word' id='word_1_103' title='bbox 924 1667 1000 1722; x_wconf 84' lang='lat' dir='ltr'><strong>SAL.</strong></span> 
     </span>
     <span class='ocr_line' id='line_1_16' title="bbox 292 1765 1182 1852; baseline 0.002 -20"><span class='ocrx_word' id='word_1_104' title='bbox 292 1765 326 1832; x_wconf 86' lang='lat' dir='ltr'><strong>Si</strong></span> <span class='ocrx_word' id='word_1_105' title='bbox 339 1767 437 1851; x_wconf 80' lang='lat' dir='ltr'><strong>vales,</strong></span> <span class='ocrx_word' id='word_1_106' title='bbox 454 1766 537 1831; x_wconf 88' lang='lat' dir='ltr'><strong>bene</strong></span> <span class='ocrx_word' id='word_1_107' title='bbox 552 1770 610 1852; x_wconf 80' lang='lat' dir='ltr'><strong>est,</strong></span> <span class='ocrx_word' id='word_1_108' title='bbox 628 1788 688 1852; x_wconf 85' lang='lat' dir='ltr'><strong>ego</strong></span> <span class='ocrx_word' id='word_1_109' title='bbox 708 1768 809 1832; x_wconf 81' lang='lat' dir='ltr'><strong>valeo.</strong></span> <span class='ocrx_word' id='word_1_110' title='bbox 844 1765 1074 1834; x_wconf 76' lang='lat' dir='ltr'><strong>Valetudinem</strong></span> <span class='ocrx_word' id='word_1_111' title='bbox 1091 1771 1182 1834; x_wconf 86' lang='lat' dir='ltr'><strong>tuam</strong></span> 
     </span>
    </p>
   </div>
   <div class='ocr_carea' id='block_1_5' title="bbox 222 1855 1182 2366">
    <p class='ocr_par' dir='ltr' id='par_1_6' title="bbox 222 1855 1182 2366">
     <span class='ocr_line' id='line_1_17' title="bbox 224 1855 1182 1942; baseline 0.003 -22"><span class='ocrx_word' id='word_1_112' title='bbox 224 1856 320 1921; x_wconf 75' lang='lat' dir='ltr'><strong>uelim</strong></span> <span class='ocrx_word' id='word_1_113' title='bbox 348 1876 439 1920; x_wconf 86' lang='lat' dir='ltr'><strong>eures</strong></span> <span class='ocrx_word' id='word_1_114' title='bbox 467 1855 725 1940; x_wconf 85' lang='lat' dir='ltr'><strong>diligentissime;</strong></span> <span class='ocrx_word' id='word_1_115' title='bbox 756 1877 834 1922; x_wconf 88' lang='lat' dir='ltr'><strong>nam</strong></span> <span class='ocrx_word' id='word_1_116' title='bbox 860 1855 940 1921; x_wconf 89' lang='lat' dir='ltr'><strong>mihi</strong></span> <span class='ocrx_word' id='word_1_117' title='bbox 967 1859 1001 1922; x_wconf 88' lang='lat' dir='ltr'><strong>at</strong></span> <span class='ocrx_word' id='word_1_118' title='bbox 1027 1858 1182 1942; x_wconf 86' lang='lat' dir='ltr'><strong>scriptum</strong></span> 
     </span>
     <span class='ocr_line' id='line_1_18' title="bbox 224 1943 1181 2022; baseline 0.002 -14"><span class='ocrx_word' id='word_1_119' title='bbox 224 1949 258 2008; x_wconf 92' lang='lat' dir='ltr'><strong>et</strong></span> <span class='ocrx_word' id='word_1_120' title='bbox 271 1945 457 2009; x_wconf 87' lang='lat' dir='ltr'><strong>nuntiatum</strong></span> <span class='ocrx_word' id='word_1_121' title='bbox 471 1947 565 2008; x_wconf 81' lang='lat' dir='ltr'><strong>astte</strong></span> <span class='ocrx_word' id='word_1_122' title='bbox 583 1945 620 2008; x_wconf 89' lang='lat' dir='ltr'><strong>in</strong></span> <span class='ocrx_word' id='word_1_123' title='bbox 632 1944 749 2010; x_wconf 86' lang='lat' dir='ltr'><strong>febrim</strong></span> <span class='ocrx_word' id='word_1_124' title='bbox 770 1944 878 2009; x_wconf 88' lang='lat' dir='ltr'><strong>subito</strong></span> <span class='ocrx_word' id='word_1_125' title='bbox 891 1943 1052 2010; x_wconf 85' lang='lat' dir='ltr'><strong>incidisse.</strong></span> <span class='ocrx_word' id='word_1_126' title='bbox 1089 1945 1181 2022; x_wconf 85' lang='lat' dir='ltr'><strong>Quod</strong></span> 
     </span>
     <span class='ocr_line' id='line_1_19' title="bbox 224 2030 1181 2118; baseline 0.003 -22"><span class='ocrx_word' id='word_1_127' title='bbox 224 2033 369 2097; x_wconf 87' lang='lat' dir='ltr'><strong>eeleriter</strong></span> <span class='ocrx_word' id='word_1_128' title='bbox 396 2055 447 2096; x_wconf 90' lang='lat' dir='ltr'><strong>me</strong></span> <span class='ocrx_word' id='word_1_129' title='bbox 473 2031 579 2097; x_wconf 82' lang='lat' dir='ltr'><strong>fecisti</strong></span> <span class='ocrx_word' id='word_1_130' title='bbox 606 2033 646 2097; x_wconf 86' lang='lat' dir='ltr'><strong>de</strong></span> <span class='ocrx_word' id='word_1_131' title='bbox 678 2030 825 2098; x_wconf 77' lang='lat' dir='ltr'><strong>Caesaris</strong></span> <span class='ocrx_word' id='word_1_132' title='bbox 855 2033 972 2097; x_wconf 86' lang='lat' dir='ltr'><strong>litteris</strong></span> <span class='ocrx_word' id='word_1_133' title='bbox 1004 2035 1181 2118; x_wconf 84' lang='lat' dir='ltr'><strong>certiorem,</strong></span> 
     </span>
     <span class='ocr_line' id='line_1_20' title="bbox 223 2121 1180 2208; baseline 0.002 -22"><span class='ocrx_word' id='word_1_134' title='bbox 223 2121 329 2186; x_wconf 83' lang='lat' dir='ltr'><strong>fecisti</strong></span> <span class='ocrx_word' id='word_1_135' title='bbox 355 2121 435 2186; x_wconf 86' lang='lat' dir='ltr'><strong>mihi</strong></span> <span class='ocrx_word' id='word_1_136' title='bbox 463 2125 601 2206; x_wconf 80' lang='lat' dir='ltr'><strong>gratum.</strong></span> <span class='ocrx_word' id='word_1_137' title='bbox 650 2121 734 2186; x_wconf 88' lang='lat' dir='ltr'><strong>Item</strong></span> <span class='ocrx_word' id='word_1_138' title='bbox 761 2121 911 2206; x_wconf 84' lang='lat' dir='ltr'><strong>posthae,</strong></span> <span class='ocrx_word' id='word_1_139' title='bbox 939 2121 968 2186; x_wconf 90' lang='lat' dir='ltr'><strong>si</strong></span> <span class='ocrx_word' id='word_1_140' title='bbox 995 2123 1071 2206; x_wconf 88' lang='lat' dir='ltr'><strong>quid</strong></span> <span class='ocrx_word' id='word_1_141' title='bbox 1100 2145 1180 2208; x_wconf 89' lang='lat' dir='ltr'><strong>opus</strong></span> 
     </span>
     <span class='ocr_line' id='line_1_21' title="bbox 223 2209 1180 2295; baseline 0 -21"><span class='ocrx_word' id='word_1_142' title='bbox 223 2211 293 2294; x_wconf 86' lang='lat' dir='ltr'><strong>erit,</strong></span> <span class='ocrx_word' id='word_1_143' title='bbox 316 2210 344 2275; x_wconf 87' lang='lat' dir='ltr'><strong>si</strong></span> <span class='ocrx_word' id='word_1_144' title='bbox 367 2210 444 2295; x_wconf 88' lang='lat' dir='ltr'><strong>quid</strong></span> <span class='ocrx_word' id='word_1_145' title='bbox 466 2209 618 2276; x_wconf 79' lang='lat' dir='ltr'><strong>acciderit</strong></span> <span class='ocrx_word' id='word_1_146' title='bbox 640 2211 726 2295; x_wconf 77' lang='lat' dir='ltr'><strong>novi,</strong></span> <span class='ocrx_word' id='word_1_147' title='bbox 747 2210 856 2293; x_wconf 75' lang='lat' dir='ltr'><strong>fanias,</strong></span> <span class='ocrx_word' id='word_1_148' title='bbox 878 2212 916 2274; x_wconf 89' lang='lat' dir='ltr'><strong>ut</strong></span> <span class='ocrx_word' id='word_1_149' title='bbox 938 2210 1046 2275; x_wconf 82' lang='lat' dir='ltr'><strong>seiam.</strong></span> <span class='ocrx_word' id='word_1_150' title='bbox 1087 2209 1180 2294; x_wconf 73' lang='lat' dir='ltr'><strong>(lura,</strong></span> 
     </span>
     <span class='ocr_line' id='line_1_22' title="bbox 222 2296 903 2366; baseline -0.003 0"><span class='ocrx_word' id='word_1_151' title='bbox 222 2303 260 2366; x_wconf 81' lang='lat' dir='ltr'><strong>ut</strong></span> <span class='ocrx_word' id='word_1_152' title='bbox 281 2299 398 2366; x_wconf 80' lang='lat' dir='ltr'><strong>valeas.</strong></span> <span class='ocrx_word' id='word_1_153' title='bbox 443 2296 534 2363; x_wconf 87' lang='lat' dir='ltr'><strong>Vale.</strong></span> <span class='ocrx_word' id='word_1_154' title='bbox 578 2297 618 2362; x_wconf 92' lang='lat' dir='ltr'><strong>D.</strong></span> <span class='ocrx_word' id='word_1_155' title='bbox 641 2316 699 2362; x_wconf 81' lang='lat'><strong>1111.</strong></span> <span class='ocrx_word' id='word_1_156' title='bbox 722 2296 808 2364; x_wconf 87' lang='lat' dir='ltr'><strong>Non.</strong></span> <span class='ocrx_word' id='word_1_157' title='bbox 831 2297 903 2364; x_wconf 88' lang='lat' dir='ltr'><strong>Iun.</strong></span> 
     </span>
    </p>
   </div>
   <div class='ocr_carea' id='block_1_6' title="bbox 544 2491 729 2556">
    <p class='ocr_par' dir='ltr' id='par_1_7' title="bbox 544 2491 729 2556">
     <span class='ocr_line' id='line_1_23' title="bbox 544 2491 729 2556; baseline 0.005 -1"><span class='ocrx_word' id='word_1_158' title='bbox 544 2522 549 2528; x_wconf 96' lang='lat'><em>·</em></span> <span class='ocrx_word' id='word_1_159' title='bbox 672 2491 729 2556; x_wconf 87' lang='lat' dir='ltr'><strong>IX.</strong></span> 
     </span>
    </p>
   </div>
   <div class='ocr_carea' id='block_1_7' title="bbox 346 2601 1055 2660">
    <p class='ocr_par' dir='ltr' id='par_1_8' title="bbox 346 2601 1055 2660">
     <span class='ocr_line' id='line_1_24' title="bbox 346 2601 1055 2660; baseline 0.003 -2"><span class='ocrx_word' id='word_1_160' title='bbox 346 2601 403 2658; x_wconf 88' lang='lat' dir='ltr'><strong>Sor.</strong></span> <span class='ocrx_word' id='word_1_161' title='bbox 423 2601 565 2658; x_wconf 83' lang='lat' dir='ltr'><strong>Brundisii</strong></span> <span class='ocrx_word' id='word_1_162' title='bbox 582 2619 678 2658; x_wconf 88' lang='lat' dir='ltr'><strong>mense</strong></span> <span class='ocrx_word' id='word_1_163' title='bbox 696 2603 844 2658; x_wconf 81' lang='lat' dir='ltr'><strong>Decembri</strong></span> <span class='ocrx_word' id='word_1_164' title='bbox 862 2621 887 2659; x_wconf 80' lang='lat' dir='ltr'><strong>a</strong></span> <span class='ocrx_word' id='word_1_165' title='bbox 906 2622 933 2658; x_wconf 87' lang='lat' dir='ltr'><strong>n.</strong></span> <span class='ocrx_word' id='word_1_166' title='bbox 953 2621 977 2660; x_wconf 90' lang='lat' dir='ltr'><strong>o.</strong></span> <span class='ocrx_word' id='word_1_167' title='bbox 996 2609 1055 2660; x_wconf 69' lang='grc'><strong>706.</strong></span> 
     </span>
    </p>
   </div>
   <div class='ocr_carea' id='block_1_8' title="bbox 293 2725 1108 2784">
    <p class='ocr_par' dir='ltr' id='par_1_9' title="bbox 293 2725 1108 2784">
     <span class='ocr_line' id='line_1_25' title="bbox 293 2725 1108 2784; baseline 0 0"><span class='ocrx_word' id='word_1_168' title='bbox 293 2725 450 2784; x_wconf 76' lang='lat' dir='ltr'>TULLIUS</span> <span class='ocrx_word' id='word_1_169' title='bbox 469 2726 681 2784; x_wconf 80' lang='lat' dir='ltr'><strong>TERENTIAE</strong></span> <span class='ocrx_word' id='word_1_170' title='bbox 702 2726 795 2782; x_wconf 85' lang='lat' dir='ltr'><strong>SUAE</strong></span> <span class='ocrx_word' id='word_1_171' title='bbox 815 2728 891 2784; x_wconf 77' lang='lat' dir='ltr'><strong>SAL.</strong></span> <span class='ocrx_word' id='word_1_172' title='bbox 905 2728 1108 2784; x_wconf 84' lang='lat' dir='ltr'><strong>PLURIMAll.</strong></span> 
     </span>
    </p>
   </div>
   <div class='ocr_carea' id='block_1_9' title="bbox 220 2826 1177 3160">
    <p class='ocr_par' dir='ltr' id='par_1_10' title="bbox 220 2826 1177 3160">
     <span class='ocr_line' id='line_1_26' title="bbox 288 2826 1177 2908; baseline 0.001 -17"><span class='ocrx_word' id='word_1_173' title='bbox 288 2826 342 2892; x_wconf 83' lang='lat' dir='ltr'><strong>Ad</strong></span> <span class='ocrx_word' id='word_1_174' title='bbox 356 2831 480 2894; x_wconf 81' lang='lat' dir='ltr'><strong>ceteras</strong></span> <span class='ocrx_word' id='word_1_175' title='bbox 492 2849 580 2892; x_wconf 88' lang='lat' dir='ltr'><strong>meas</strong></span> <span class='ocrx_word' id='word_1_176' title='bbox 594 2827 740 2892; x_wconf 84' lang='lat' dir='ltr'><strong>miserias</strong></span> <span class='ocrx_word' id='word_1_177' title='bbox 754 2829 889 2893; x_wconf 73' lang='lat' dir='ltr'><strong>necessit</strong></span> <span class='ocrx_word' id='word_1_178' title='bbox 903 2827 995 2893; x_wconf 85' lang='lat' dir='ltr'><strong>dolor</strong></span> <span class='ocrx_word' id='word_1_179' title='bbox 1005 2829 1027 2908; x_wconf 94' lang='lat'><em>†</em></span> <span class='ocrx_word' id='word_1_180' title='bbox 1036 2832 1069 2892; x_wconf 86' lang='lat' dir='ltr'><strong>et</strong></span> <span class='ocrx_word' id='word_1_181' title='bbox 1081 2827 1177 2893; x_wconf 87' lang='lat' dir='ltr'><strong>Dola·</strong></span> 
     </span>
     <span class='ocr_line' id='line_1_27' title="bbox 220 2915 1177 2982; baseline 0 -2"><span class='ocrx_word' id='word_1_182' title='bbox 220 2915 325 2981; x_wconf 81' lang='lat' dir='ltr'><strong>hellas</strong></span> <span class='ocrx_word' id='word_1_183' title='bbox 343 2916 528 2982; x_wconf 81' lang='lat' dir='ltr'><strong>valetudine</strong></span> <span class='ocrx_word' id='word_1_184' title='bbox 546 2918 580 2981; x_wconf 87' lang='lat' dir='ltr'><strong>et</strong></span> <span class='ocrx_word' id='word_1_185' title='bbox 597 2915 636 2980; x_wconf 87' lang='lat' dir='ltr'><strong>de</strong></span> <span class='ocrx_word' id='word_1_186' title='bbox 651 2916 785 2981; x_wconf 82' lang='lat' dir='ltr'><strong>Tulliae.</strong></span> <span class='ocrx_word' id='word_1_187' title='bbox 820 2915 961 2982; x_wconf 80' lang='lat' dir='ltr'><strong>Omnino</strong></span> <span class='ocrx_word' id='word_1_188' title='bbox 976 2916 1015 2982; x_wconf 89' lang='lat' dir='ltr'><strong>de</strong></span> <span class='ocrx_word' id='word_1_189' title='bbox 1029 2917 1177 2981; x_wconf 85' lang='lat' dir='ltr'><strong>omnibus</strong></span> 
     </span>
     <span class='ocr_line' id='line_1_28' title="bbox 221 3004 1176 3089; baseline -0.001 -20"><span class='ocrx_word' id='word_1_190' title='bbox 221 3004 317 3070; x_wconf 87' lang='lat' dir='ltr'><strong>rebus</strong></span> <span class='ocrx_word' id='word_1_191' title='bbox 336 3025 396 3070; x_wconf 87' lang='lat' dir='ltr'><strong>nee</strong></span> <span class='ocrx_word' id='word_1_192' title='bbox 414 3005 491 3089; x_wconf 86' lang='lat' dir='ltr'><strong>quid</strong></span> <span class='ocrx_word' id='word_1_193' title='bbox 510 3004 637 3071; x_wconf 82' lang='lat' dir='ltr'><strong>oonsflii</strong></span> <span class='ocrx_word' id='word_1_194' title='bbox 655 3005 780 3089; x_wconf 79' lang='lat' dir='ltr'><strong>capiam</strong></span> <span class='ocrx_word' id='word_1_195' title='bbox 798 3026 860 3070; x_wconf 86' lang='lat' dir='ltr'><strong>nee</strong></span> <span class='ocrx_word' id='word_1_196' title='bbox 876 3005 953 3089; x_wconf 90' lang='lat' dir='ltr'><strong>quid</strong></span> <span class='ocrx_word' id='word_1_197' title='bbox 971 3005 1089 3070; x_wconf 84' lang='lat' dir='ltr'><strong>faeiem</strong></span> <span class='ocrx_word' id='word_1_198' title='bbox 1103 3004 1176 3070; x_wconf 84' lang='lat' dir='ltr'><strong>seio.</strong></span> 
     </span>
     <span class='ocr_line' id='line_1_29' title="bbox 221 3092 1176 3160; baseline -0.001 -3"><span class='ocrx_word' id='word_1_199' title='bbox 221 3092 272 3158; x_wconf 91' lang='lat' dir='ltr'><strong>Tu</strong></span> <span class='ocrx_word' id='word_1_200' title='bbox 290 3094 387 3159; x_wconf 82' lang='lat' dir='ltr'><strong>velim</strong></span> <span class='ocrx_word' id='word_1_201' title='bbox 404 3097 496 3158; x_wconf 85' lang='lat' dir='ltr'><strong>tuam</strong></span> <span class='ocrx_word' id='word_1_202' title='bbox 517 3096 550 3158; x_wconf 83' lang='lat' dir='ltr'><strong>et</strong></span> <span class='ocrx_word' id='word_1_203' title='bbox 567 3092 692 3158; x_wconf 86' lang='lat' dir='ltr'><strong>Tulliae</strong></span> <span class='ocrx_word' id='word_1_204' title='bbox 710 3093 928 3160; x_wconf 82' lang='lat' dir='ltr'><strong>valetudinem</strong></span> <span class='ocrx_word' id='word_1_205' title='bbox 951 3113 1052 3158; x_wconf 72' lang='lat' dir='ltr'><strong>osnes.</strong></span> <span class='ocrx_word' id='word_1_206' title='bbox 1088 3093 1176 3159; x_wconf 81' lang='lat' dir='ltr'><strong>Vale.</strong></span> 
     </span>
    </p>
   </div>
   <div class='ocr_carea' id='block_1_10' title="bbox 219 3266 1176 3619">
    <p class='ocr_par' dir='ltr' id='par_1_11' title="bbox 219 3266 1176 3619">
     <span class='ocr_line' id='line_1_30' title="bbox 291 3266 1176 3338; baseline -0.001 -17"><span class='ocrx_word' id='word_1_207' title='bbox 291 3267 343 3338; x_wconf 89' lang='lat' dir='ltr'><strong>Ep.</strong></span> <span class='ocrx_word' id='word_1_208' title='bbox 368 3273 397 3335; x_wconf 81' lang='grc'><strong>7,</strong></span> <span class='ocrx_word' id='word_1_209' title='bbox 416 3273 440 3321; x_wconf 83' lang='lat'><strong>2.</strong></span> <span class='ocrx_word' id='word_1_210' title='bbox 477 3271 496 3332; x_wconf 84' lang='lat'>†</span> <span class='ocrx_word' id='word_1_211' title='bbox 514 3267 672 3334; x_wconf 76' lang='lat' dir='ltr'><strong>defensuros</strong></span> <span class='ocrx_word' id='word_1_212' title='bbox 695 3267 770 3337; x_wconf 84' lang='lat' dir='ltr'><strong>(W.).</strong></span> <span class='ocrx_word' id='word_1_213' title='bbox 816 3268 991 3335; x_wconf 71' lang='lat' dir='ltr'><strong>defensteram</strong></span> <span class='ocrx_word' id='word_1_214' title='bbox 1014 3266 1109 3336; x_wconf 80' lang='lat' dir='ltr'><strong>(Orat.)</strong></span> <span class='ocrx_word' id='word_1_215' title='bbox 1128 3267 1176 3320; x_wconf 89' lang='lat' dir='ltr'><strong>aut</strong></span> 
     </span>
     <span class='ocr_line' id='line_1_31' title="bbox 220 3337 1174 3408; baseline -0.003 -16"><span class='ocrx_word' id='word_1_216' title='bbox 220 3337 394 3404; x_wconf 70' lang='lat' dir='ltr'><strong>defessorum</strong></span> <span class='ocrx_word' id='word_1_217' title='bbox 407 3353 461 3396; x_wconf 76' lang='lat' dir='ltr'><strong>esse</strong></span> <span class='ocrx_word' id='word_1_218' title='bbox 474 3337 522 3407; x_wconf 87' lang='lat' dir='ltr'><strong>(W</strong></span> <span class='ocrx_word' id='word_1_219' title='bbox 523 3339 549 3407; x_wconf 83' lang='grc'><strong>.).</strong></span> <span class='ocrx_word' id='word_1_220' title='bbox 582 3343 607 3391; x_wconf 85' lang='lat'><strong>8.</strong></span> <span class='ocrx_word' id='word_1_221' title='bbox 626 3342 707 3392; x_wconf 77' lang='lat' dir='ltr'><strong>utare</strong></span> <span class='ocrx_word' id='word_1_222' title='bbox 721 3337 797 3406; x_wconf 86' lang='lat' dir='ltr'><strong>(W.).</strong></span> <span class='ocrx_word' id='word_1_223' title='bbox 823 3343 898 3394; x_wconf 78' lang='lat' dir='ltr'><strong>utere</strong></span> <span class='ocrx_word' id='word_1_224' title='bbox 910 3337 957 3406; x_wconf 71' lang='lat' dir='ltr'><strong>M,</strong></span> <span class='ocrx_word' id='word_1_225' title='bbox 967 3337 1061 3408; x_wconf 81' lang='lat' dir='ltr'><strong>vulgo.</strong></span> <span class='ocrx_word' id='word_1_226' title='bbox 1089 3337 1140 3407; x_wconf 77' lang='lat' dir='ltr'><strong>Ep.</strong></span> <span class='ocrx_word' id='word_1_227' title='bbox 1150 3342 1174 3390; x_wconf 89' lang='lat'><strong>8.</strong></span> 
     </span>
     <span class='ocr_line' id='line_1_32' title="bbox 225 3405 1176 3480; baseline -0.001 -19"><span class='ocrx_word' id='word_1_228' title='bbox 225 3407 293 3462; x_wconf 80' lang='lat' dir='ltr'><strong>Vale</strong></span> <span class='ocrx_word' id='word_1_229' title='bbox 320 3407 381 3475; x_wconf 70' lang='lat' dir='ltr'><strong>(m,</strong></span> <span class='ocrx_word' id='word_1_230' title='bbox 399 3407 449 3463; x_wconf 86' lang='lat' dir='ltr'><strong>vul</strong></span> <span class='ocrx_word' id='word_1_231' title='bbox 470 3410 505 3477; x_wconf 91' lang='grc' dir='ltr'><strong>ο).</strong></span> <span class='ocrx_word' id='word_1_232' title='bbox 551 3405 647 3480; x_wconf 83' lang='lat' dir='ltr'><strong>[Vale]</strong></span> <span class='ocrx_word' id='word_1_233' title='bbox 672 3407 785 3477; x_wconf 79' lang='lat' dir='ltr'><strong>Kleyn,</strong></span> <span class='ocrx_word' id='word_1_234' title='bbox 808 3407 839 3462; x_wconf 93' lang='grc' dir='ltr'><strong>Β.</strong></span> <span class='ocrx_word' id='word_1_235' title='bbox 889 3409 941 3478; x_wconf 87' lang='lat' dir='ltr'><strong>Ep.</strong></span> <span class='ocrx_word' id='word_1_236' title='bbox 961 3415 985 3464; x_wconf 84' lang='lat'><strong>9.</strong></span> <span class='ocrx_word' id='word_1_237' title='bbox 1022 3409 1100 3464; x_wconf 75' lang='lat' dir='ltr'><strong>debr</strong></span> <span class='ocrx_word' id='word_1_238' title='bbox 1116 3412 1134 3474; x_wconf 85' lang='lat'>†</span> <span class='ocrx_word' id='word_1_239' title='bbox 1151 3410 1176 3460; x_wconf 80' lang='lat' dir='ltr'><strong>et</strong></span> 
     </span>
     <span class='ocr_line' id='line_1_33' title="bbox 220 3475 1174 3549; baseline -0.002 -15"><span class='ocrx_word' id='word_1_240' title='bbox 220 3478 284 3534; x_wconf 88' lang='lat' dir='ltr'><strong>Dol.</strong></span> <span class='ocrx_word' id='word_1_241' title='bbox 303 3495 327 3532; x_wconf 86' lang='lat' dir='ltr'><strong>o.</strong></span> <span class='ocrx_word' id='word_1_242' title='bbox 346 3483 371 3532; x_wconf 81' lang='lat' dir='ltr'><strong>et</strong></span> <span class='ocrx_word' id='word_1_243' title='bbox 389 3479 422 3534; x_wconf 77' lang='lat' dir='ltr'><strong>de</strong></span> <span class='ocrx_word' id='word_1_244' title='bbox 468 3478 561 3548; x_wconf 85' lang='lat' dir='ltr'><strong>.(M.).</strong></span> <span class='ocrx_word' id='word_1_245' title='bbox 598 3479 624 3532; x_wconf 83' lang='lat' dir='ltr'><strong>cl.</strong></span> <span class='ocrx_word' id='word_1_246' title='bbox 644 3478 733 3532; x_wconf 68' lang='grc' dir='ltr'><strong>εΗ).</strong></span> <span class='ocrx_word' id='word_1_247' title='bbox 751 3495 777 3534; x_wconf 79' lang='lat' dir='ltr'><strong>o.</strong></span> <span class='ocrx_word' id='word_1_248' title='bbox 795 3483 821 3536; x_wconf 79' lang='lat' dir='ltr'><strong>et</strong></span> <span class='ocrx_word' id='word_1_249' title='bbox 840 3479 873 3533; x_wconf 84' lang='lat' dir='ltr'><strong>T.</strong></span> <span class='ocrx_word' id='word_1_250' title='bbox 892 3479 978 3549; x_wconf 71' lang='lat' dir='ltr'><strong>(W.)l</strong></span> <span class='ocrx_word' id='word_1_251' title='bbox 1014 3475 1174 3536; x_wconf 65' lang='lat' dir='ltr'><strong>aaron.</strong></span> 
     </span>
     <span class='ocr_line' id='line_1_34' title="bbox 219 3547 738 3619; baseline 0 -16"><span class='ocrx_word' id='word_1_252' title='bbox 219 3565 244 3603; x_wconf 80' lang='lat' dir='ltr'><strong>v.</strong></span> <span class='ocrx_word' id='word_1_253' title='bbox 264 3553 289 3602; x_wconf 84' lang='lat' dir='ltr'><strong>et</strong></span> <span class='ocrx_word' id='word_1_254' title='bbox 305 3550 338 3602; x_wconf 81' lang='lat' dir='ltr'><strong>de</strong></span> <span class='ocrx_word' id='word_1_255' title='bbox 358 3548 390 3601; x_wconf 89' lang='lat' dir='ltr'><strong>T.</strong></span> <span class='ocrx_word' id='word_1_256' title='bbox 409 3548 451 3602; x_wconf 83' lang='lat' dir='ltr'><strong>od.</strong></span> <span class='ocrx_word' id='word_1_257' title='bbox 470 3547 538 3615; x_wconf 84' lang='lat' dir='ltr'><strong>Erf,</strong></span> <span class='ocrx_word' id='word_1_258' title='bbox 555 3547 688 3619; x_wconf 66' lang='lat' dir='ltr'><strong>Hittorp„</strong></span> <span class='ocrx_word' id='word_1_259' title='bbox 707 3549 738 3603; x_wconf 93' lang='lat' dir='ltr'><strong>B.</strong></span> 
     </span>
    </p>
   </div>
   <div class='ocr_carea' id='block_1_11' title="bbox 0 0 1308 3994">
    <p class='ocr_par' dir='ltr' id='par_1_12' title="bbox 0 0 1308 3994">
     <span class='ocr_line' id='line_1_35' title="bbox 0 0 1308 3994; baseline 0 2"><span class='ocrx_word' id='word_1_260' title='bbox 0 0 1308 3994; x_wconf 95' lang='lat' dir='ltr'><strong> </strong></span> 
     </span>
    </p>
   </div>
  </div>
 </body>
</html>
