2578 3982
244 175 309 240 638
527 174 564 229 n„
588 173 712 228 TULLII
730 171 922 230 CICERONIS

217 317 308 386 sSed
333 319 414 384 haec
441 339 510 384 non
537 339 648 383 curare
676 318 809 384 demeti.
857 318 1002 384 Romam
1035 341 1149 404 quum
1177 341 1248 385 ve«

243 428 337 560 imi
358 407 1051 560 tttpttttstfflw
1075 431 1221 561 Ἥ

243 517 451 649 tdraswdabo.
471 545 481 580 '
500 581 596 649 Hanc
629 583 743 667 scripsi
772 585 848 648 ante
876 583 972 648 lucem
1000 516 1219 669 dd‘dmlyclrnu-
1247 557 1248 568 ἵ

244 671 341 738 chum
362 672 555 757 ligneolum,
581 671 637 755 qui
659 671 741 736 mihi
768 674 839 736 erat
859 672 1107 758 periucundus,
1138 674 1217 758 quod

245 782 320 826 eum
340 765 373 827 te
396 760 541 844 aiebant,
568 780 669 845 quum
691 780 778 826 esses
801 757 902 844 Sami,
929 781 1069 844 curasse
1097 762 1216 828 facien·

244 849 331 916 dum.
374 848 458 915 Vale
490 848 536 914 mi
558 848 748 914 suavissime
771 852 805 913 et
826 849 947 934 optime
969 848 1093 915 frater.

680 1075 771 1142 VIII.

316 1197 374 1254 Sor.
394 1197 500 1254 Romae
517 1200 636 1254 exeunte
654 1215 749 1254 manse
767 1197 921 1254 Novembri
937 1212 964 1254 a.
982 1216 1011 1256 u.
1030 1215 1060 1256 c.
1082 1207 1146 1258 ⁷00.

349 1337 518 1394 MARCUS
537 1338 693 1414 QUINTO
711 1337 875 1394 FRATRI
890 1337 1107 1396 SALUTEM.

221 1464 234 1508 ι
316 1444 479 1532 Superiori
502 1447 657 1531 epistolae
679 1447 766 1532 quod
788 1447 1016 1532 respondeam,
1045 1451 1137 1516 nihil
1160 1455 1207 1534 est,

247 1555 329 1620 quae
351 1535 448 1619 plena
470 1536 629 1601 stomachi
652 1541 684 1600 et
702 1537 904 1620 querelarum
924 1539 983 1619 est,
1008 1558 1078 1620 quo
1102 1540 1141 1604 in
1163 1561 1206 1626 gc

246 1644 323 1689 nere
346 1624 481 1688 alteram
504 1645 630 1708 quoque
656 1628 690 1689 te
719 1624 832 1688 scribis
854 1624 956 1708 pridie
979 1623 1136 1692 Labieno
1164 1629 1206 1691 de

246 1713 344 1797 disse,
376 1712 431 1797 qui
458 1711 564 1777 adhuc
590 1733 659 1778 non
686 1715 830 1795 venerat,
862 1711 980 1777 delevit
1008 1715 1104 1780 enim
1136 1717 1206 1780 mihi

247 1822 376 1867 omnem
405 1800 586 1866 molestiam
617 1801 777 1866 recentior
808 1800 953 1884 epistola.
998 1801 1152 1870 Tantum
1181 1809 1207 1867 te

247 1893 281 1954 et
301 1910 419 1954 moneo
442 1892 475 1954 et
495 1909 587 1974 rogo,
607 1892 645 1953 ut
666 1889 701 1953 in
718 1889 790 1954 istis
807 1889 963 1954 molestiis
986 1893 1021 1954 et
1040 1891 1207 1958 laboribus

248 1981 280 2042 et
316 1977 480 2042 desideriis
516 1977 696 2062 recordere,
732 1977 901 2043 consilium
937 1982 1096 2046 nostrum
1129 1981 1207 2066 quod

247 2066 346 2130 fucrit
368 2065 577 2150 profectionis
599 2069 688 2149 tuae,
714 2087 783 2132 non
809 2066 896 2131 enim
918 2067 1096 2134 commoda
1120 2091 1207 2154 quae

248 2153 323 2219 dam
355 2155 567 2238 sequebamur
597 2175 698 2238 parva
729 2176 767 2220 ac
794 2154 980 2239 mediocria,
1011 2157 1097 2240 quid
1128 2159 1209 2223 enim

247 2246 331 2327 erat,
360 2242 446 2327 quod
477 2242 619 2306 discessu
649 2245 762 2308 nostro
794 2243 963 2308 emendum
994 2247 1209 2328 putaremus?

246 2331 443 2416 praesidium
473 2329 692 2396 firmissimum
726 2331 915 2415 petebamus
951 2353 990 2396 ex
1027 2336 1153 2418 optimi
1182 2339 1209 2399 et

247 2419 464 2504 potentissimi
494 2419 556 2482 viri
587 2419 812 2485 benevolentia
848 2418 890 2483 ad
922 2441 1053 2485 omnem
1089 2427 1210 2488 statum

248 2509 379 2571 nostrae
401 2506 579 2591 dignitatis.
626 2507 725 2572 Plura
755 2511 922 2591 ponuntur
947 2509 983 2572 In
1010 2530 1085 2594 spe,
1117 2534 1210 2596 quam

248 2594 400 2682 petimus:
432 2594 556 2679 reliqua
582 2594 624 2660 ad
650 2597 808 2661 iacturam
834 2599 1046 2661 reserventur.
1097 2597 1210 2684 Quare,

249 2685 276 2750 si
300 2685 410 2750 crebro
433 2684 552 2761 referes
576 2684 719 2748 anImum
741 2686 833 2749 tuum
856 2685 897 2748 ad
914 2685 1077 2750 rationem
1104 2691 1210 2755 etue

247 2775 326 2839 teris
357 2773 484 2839 consilii
509 2773 614 2838 nostri
641 2775 674 2836 et
700 2772 781 2856 spei,
807 2771 935 2837 facilius
962 2773 1043 2838 istos
1071 2777 1210 2842 militiae

248 2861 375 2927 labores
398 2864 580 2945 ceteraque,
606 2881 688 2944 quae
709 2864 743 2924 to
771 2860 950 2944 offendunt,
976 2861 1077 2946 feres,
1109 2871 1146 2930 et
1167 2871 1209 2930 ta·

154 2982 157 2988 .
249 2971 333 3034 men,
357 2970 455 3034 quum
477 2949 579 3027 voles,
607 2948 762 3034 deponeS,
790 2949 846 3013 sed
869 2949 937 3014 cius
964 2949 1011 3014 rei
1034 2955 1209 3020 maturItas

222 3038 430 3123 inequedum
448 3037 538 3101 venit
556 3039 715 3102 ettamen
732 3038 798 3102 iam
816 3037 1065 3122 appropinquat.
1098 3040 1209 3108 Etiam

249 3126 329 3191 illud
350 3129 384 3192 te
407 3124 578 3210 admoneo,
604 3147 645 3190 ne
669 3125 746 3211 quid
767 3125 841 3191 ullis
869 3125 984 3190 litteris
1012 3133 1209 3216 committas,

319 3373 463 3442 Ep.8,1.
495 3373 628 3442 petimus:
653 3372 701 3427 rai.
730 3372 768 3428 ad
793 3371 814 3426 i.
840 3374 1009 3427 reservatur
1037 3373 1089 3442 (a,
1113 3374 1209 3444 Laud,

249 3443 358 3515 Bagra).
394 3443 427 3498 in
444 3443 587 3513 pecunia·
607 3459 631 3497 r.
655 3443 693 3498 od
709 3443 728 3498 ι’.
747 3447 889 3498 stcueatur·
910 3441 995 3496 MRI.
1023 3442 1088 3510 (sed
1111 3463 1210 3520 margo

248 3513 286 3568 M.
305 3517 335 3569 et
352 3515 373 3568 1.
391 3516 579 3582 reserventur),
596 3512 690 3583 vulgo.
