2634 3988
226 217 292 284 352
510 219 547 274 ld.
566 219 690 274 TULLII
708 216 900 274 CICERONIS

228 361 314 448 quod
335 367 368 430 te
391 363 635 450 diligentissime
657 365 820 449 percipere
843 366 876 428 et
897 362 1082 429 meminisse
1095 363 1117 442 †
1131 385 1189 430 vo·
1308 389 1309 394 ¹

226 453 306 536 lem,
336 456 374 518 ut
400 474 441 518 ne
472 454 508 518 in
529 452 679 519 libertate
705 456 739 518 et
765 453 869 518 seluto
900 451 1013 537 populi
1044 450 1189 518 Romani

227 540 447 608 conservande
465 542 691 607 auctoritatem
706 545 838 607 senatus
857 544 1022 626 exspectes
1038 541 1190 606 nondum

225 630 329 715 liberi,
350 652 392 696 ne
415 634 448 696 et
469 634 562 696 tuum
578 631 702 696 fectum
720 630 971 696 condemnes-
984 630 1075 696 nullo
1099 630 1190 694 enim

226 718 356 803 publico
375 719 510 784 oonsilio
527 720 777 804 rempublicam
794 718 982 804 liberavisti,
1004 740 1069 803 quo
1087 718 1190 784 etiam

228 811 278 873 est
303 829 355 873 res
382 808 439 872 illu
466 807 569 874 maior
596 812 629 873 et
655 808 772 875 clarior
798 844 857 892 —,
888 811 923 872 et
949 808 1191 874 adolescentem

227 896 279 961 vel
300 917 436 980 puerum
457 897 567 982 potius
585 894 755 963 Gaesarem
776 895 898 963 iudices
919 899 1041 962 temere
1062 895 1192 980 fecisse,
1309 921 1310 974 ᾗ

228 984 283 1068 qui
305 988 432 1050 tentam
450 985 580 1051 causam
598 986 762 1070 publicem
778 985 907 1069 privato
926 985 1061 1051 consilio
1080 1005 1191 1050 susee—
1309 991 1310 1040 3

227 1073 320 1157 perit,
342 1073 479 1159 denique
501 1074 650 1140 homines
673 1074 820 1159 rusticos,
844 1073 901 1140 sed
922 1073 1117 1140 fortissimos
1139 1074 1191 1140 vi·

226 1182 281 1227 ros
304 1162 452 1247 civesque
475 1164 629 1248 optimos,
655 1163 820 1229 dementes
847 1162 947 1228 fuisse
969 1162 1100 1247 iudices,
1121 1163 1190 1247 pri-

227 1271 317 1315 mum
338 1252 457 1317 milites
483 1255 666 1335 veteranos,
694 1251 929 1317 commilitones
954 1254 1044 1336 tuos,
1070 1250 1190 1316 deinde

226 1338 389 1424 legionem
411 1339 576 1425 Martiam,
602 1340 765 1426 legionem
791 1343 954 1425 quartem,
982 1361 1063 1424 quue
1091 1361 1190 1406 suum

228 1426 393 1492 consulem
415 1428 544 1492 hostem
564 1427 788 1494 iudicaverunt
806 1449 903 1513 seque
922 1429 963 1493 ed
982 1430 1120 1495 salutem
1138 1430 1190 1494 rei

227 1515 375 1598 publicae
398 1515 634 1581 defendendam
656 1518 872 1582 contulerunt.
907 1517 1071 1584 Voluntas
1094 1538 1189 1584 sena-

227 1606 281 1668 tus
303 1625 363 1687 pro
390 1625 451 1669 euc
451 1604 583 1670 toritute
609 1605 723 1670 haberi
745 1605 854 1691 debet,
882 1627 983 1691 quum
1010 1607 1190 1673 auctoritas
1310 1595 1311 1676 l

192 1691 402 1776 simpeditur
423 1696 522 1758 metu.
553 1692 722 1760 Postremo
744 1697 895 1796 suscepte
916 1694 978 1760 tibi
1000 1715 1099 1762 causa
1120 1694 1190 1762 iam
1310 1709 1311 1716 ’

227 1779 351 1846 bist
301 1785 364 1866 est,
385 1784 423 1847 ut
443 1803 513 1848 non
534 1783 578 1848 sit
598 1783 775 1886 integrum.
804 1783 945 1869 primum
966 1783 1078 1851 Idibus
1100 1782 1189 1849 Mer·
1310 1839 1311 1846 ,

227 1869 295 1955 tiis,
322 1870 437 1936 deinde
463 1871 621 1957 proxime,
649 1871 789 1938 exercitu
811 1892 897 1938 nevo
921 1875 955 1937 et
976 1873 1078 1956 copiis
1100 1893 1188 1938 oom-

227 1959 359 2044 peratis.
418 1958 634 2038 Quamobrem
665 1961 706 2025 ad
737 1961 848 2027 omnia
878 1960 926 2026 ita
956 1963 1103 2045 paratus,
1138 1961 1188 2026 ita

229 2049 391 2116 animatus
413 2049 509 2116 debes
532 2072 615 2135 esse,
641 2071 710 2115 non
736 2053 774 2114 ut
795 2049 878 2115 nihil
899 2049 1002 2115 facias
1029 2049 1092 2114 uisi
1121 2050 1187 2115 ius·

229 2158 293 2223 sus,
314 2138 430 2204 sedt
392 2143 430 2204 ut
451 2161 490 2204 ee
512 2160 616 2226 geres,
637 2159 720 2226 quae
740 2139 782 2204 eb
800 2138 951 2204 omnibus
969 2160 1094 2204 summa
1111 2160 1186 2205 oum

229 2189 441 2294 admiratione
463 2227 645 2294 laudentur.

662 2419 753 2488 VIII.

291 2530 348 2588 Ser.
371 2532 478 2587 Itomae
500 2531 616 2588 ineunte
643 2551 738 2590 mense
760 2533 891 2590 Ianuario
916 2549 940 2588 ι,
964 2551 991 2589 ιι,
1014 2550 1038 2590 o.
1061 2539 1122 2590 711.

325 2655 362 2709 Μ.
377 2655 507 2714 CICERO
522 2655 549 2714 S.
563 2657 596 2712 D.
610 2656 643 2711 D.
658 2656 781 2714 BRUTO
796 2658 868 2713 IMP.
883 2657 957 2715 (lOS.
971 2657 1087 2716 Basra.

196 2761 207 2810 ¹
295 2755 345 2825 Eo
367 2761 513 2843 tempore
535 2757 628 2824 Polla
654 2760 712 2823 tue
733 2758 836 2838 misit,
865 2761 903 2825 ut
929 2757 971 2824 ad
996 2763 1030 2823 te
1057 2759 1188 2845 siquid

228 2845 345 2911 vellem
363 2846 473 2912 darem
490 2848 681 2933 litterarum,
699 2869 807 2933 quum,
825 2847 902 2933 quid
921 2848 1101 2932 scriberem,
1117 2870 1189 2915 non

228 2934 403 3019 habebam;
429 2937 540 3001 omnia
565 2937 653 3001 enim
680 2938 774 3001 erant
796 2957 953 3021 suspensa
979 2898 1112 3022 proptei
1133 2959 1188 3003 ex·

230 2985 464 3110 spectatioirem
489 3026 685 3111 legatorum,
717 3025 772 3110 qui
800 3025 877 3110 quid
904 3025 1060 3110 egissent,
1090 3025 1188 3092 nihil-

229 3114 306 3179 dum
318 3116 403 3179 nunt
389 3113 540 3179 tiabetur.
575 3113 665 3179 Haec
682 3117 793 3179 tamen
807 3112 976 3179 scribenda
994 3114 1188 3181 existimavi.

228 3203 368 3287 primum
396 3205 545 3268 senatum
571 3203 790 3288 populumque
812 3201 997 3268 Romanum
1024 3203 1063 3270 de
1085 3207 1118 3269 te
1140 3204 1188 3270 la·

229 3291 343 3358 borure
374 3313 442 3358 non
474 3291 580 3357 solum
611 3291 724 3358 salutis
756 3311 832 3356 suae
865 3313 976 3377 ceusu,
1004 3291 1188 3360 sedetiam

299 3499 352 3569 Ep.
372 3506 436 3567 m
472 3500 765 3566 meamueetcolcm
787 3500 863 3571 (W)
908 3518 943 3557 m.
965 3501 1189 3572 volo(W.)sut

229 3585 263 3622 m.
282 3571 361 3624 eelim
380 3543 444 3638 (b.)
481 3586 515 3624 m.
534 3571 623 3624 volam
640 3569 707 3623 ΜΒ.
