2578 3978
404 221 664 277 EPISTOLARUM
681 223 715 278 ll.
735 228 759 276 5.
779 219 803 277 θ’.
1042 223 1084 288 39

128 369 233 451 petere
257 366 379 451 aliquid
401 387 558 452 magnum
581 367 622 431 ab
644 389 692 450 eo,
715 367 754 432 de
777 389 851 451 quo·
865 389 899 432 se
918 363 1000 433 bene
1020 390 1085 434 me-

128 455 224 520 ritum
245 459 347 541 putet,
370 477 413 520 ne
429 456 473 540 id,
495 455 582 539 quod
598 458 698 540 petat,
721 457 847 541 exigere
865 458 969 542 magis
988 479 1086 541 quarn

128 565 240 630 rogare
269 547 302 610 et
328 545 364 608 in
390 544 547 608 mercedis
574 545 683 628 potius
715 565 812 628 quam
838 545 986 610 beneficii
1012 547 1084 613 loco

127 653 295 697 numerare
321 632 482 716 rideatur3
509 632 580 717 sed,
607 634 683 718 quia
709 636 768 698 tua
793 634 829 697 in
857 655 909 698 me
932 635 984 699 vel
1005 639 1120 699 notae

129 721 351 787 omnibusve]
378 721 451 806 ipsa
477 722 622 786 novitate
643 743 790 786 meorum
817 725 999 807 temporum
1023 724 1085 788 cla·

127 811 253 874 tissima
268 813 300 876 et
312 811 454 874 maxima
471 810 627 874 beneficia
645 811 838 876 exstiterunt
855 815 967 896 estque
986 811 1086 876 animi

127 899 270 984 ingenui,
293 899 345 963 cui
368 899 506 963 multum
529 899 660 984 debeas,
682 899 786 964 eidem
807 900 981 985 plurimum
1003 901 1086 965 velle

126 986 256 1071 debere,
286 1009 357 1053 non
384 987 528 1054 dubitavi
555 987 590 1052 id
617 1010 637 1052 a
662 991 695 1052 te
727 1009 785 1072 per
816 989 941 1054 litteras
967 991 1086 1073 petere,

126 1077 213 1160 quod
235 1076 318 1140 mihi
340 1077 485 1142 omnium
507 1080 593 1141 esset
614 1077 790 1141 maximum
808 1078 1008 1162 maximeque
1029 1099 1086 1142 ne·

126 1165 316 1250 cessarium,
345 1186 450 1249 neque
477 1165 564 1230 enim
592 1188 663 1230 sum
690 1166 825 1248 veritus,
855 1187 898 1230 ne
927 1166 1085 1230 sustinere

124 1255 183 1317 tua
205 1254 242 1317 in
263 1275 316 1319 mo
338 1255 391 1318 vel
412 1254 661 1319 innumerabilia
682 1254 839 1319 beneficia
860 1275 929 1319 non
947 1275 1086 1339 possem,

124 1364 228 1426 quum
252 1344 444 1426 praesertim
471 1343 665 1408 confiderem
694 1344 819 1408 nullam
833 1364 920 1408 nesse
947 1343 1087 1428 gratiam

122 1433 266 1514 tantam,
294 1453 392 1515 quam
413 1453 482 1497 non
503 1433 555 1496 vel
578 1453 690 1516 capere
714 1432 841 1496 animus
863 1453 953 1496 meus
975 1433 1011 1496 in
1035 1453 1085 1496 ac·

122 1519 275 1604 cipiendo
302 1521 355 1584 vel
380 1521 416 1584 in
441 1520 677 1586 remunerando
705 1521 868 1585 cumulare
896 1523 992 1605 atque
1015 1521 1086 1585 illu-

122 1613 231 1672 strare
266 1611 384 1693 posset.
437 1607 511 1694 Ego
543 1609 654 1674 omnia
688 1631 761 1674 mea
801 1609 921 1694 studia,
958 1628 1121 1676 omneme

123 1717 273 1782 operam,
295 1719 419 1781 curam,
445 1697 652 1782 industriam,
679 1698 922 1784 cogitationem,
944 1701 1086 1764 mentem

123 1785 267 1868 denique
288 1807 419 1850 omnem
440 1787 476 1850 iu
497 1785 631 1852 Milonis
653 1787 823 1851 consulatu
849 1787 906 1851 fixi
928 1790 961 1851 et
982 1787 1086 1851 locavi

122 1873 291 1958 statuique
312 1875 349 1938 in
371 1897 410 1940 eo
432 1897 484 1939 me
505 1897 574 1941 non
598 1875 697 1940 officii
719 1876 824 1940 solum
845 1876 1001 1960 fructum,
1031 1875 1087 1939 sed

119 1963 228 2028 etiam
250 1963 380 2046 pietatis
403 1963 533 2028 laudem
555 1963 669 2028 debere
693 1985 858 2049 quaerere,
881 1985 984 2048 neque
1009 1985 1086 2029 vero

117 2053 280 2136 cuiquam
311 2052 448 2116 salutem
484 2073 522 2116 ac
557 2052 705 2118 fortunas
742 2074 817 2117 suas
847 2056 959 2117 tantae
992 2073 1086 2116 curae

116 2141 230 2210 fuisse
251 2161 405 2224 umquam
426 2143 521 2224 puto,
543 2144 683 2225 quantae
705 2141 785 2204 mihi
807 2143 857 2204 est
882 2139 987 2205 honos
1010 2140 1087 2222 eius,

115 2232 243 2384 igsstrgo
257 2229 366 2382 ogirnia
379 2229 575 2383 mssa‘posita
593 2229 818 2382 esseldecreri:
841 2227 917 2293 huic
934 2231 1088 2402 'teteulgirgm

252 2339 272 2380 a
305 2339 402 2382 umen
465 2339 535 2382 esse
575 2341 604 2382 sr
629 2339 769 2384 voreris
833 2337 967 2382 oseem
1059 2339 1078 2382 o

116 2411 160 2472 ut
184 2405 273 2470 nihil
295 2406 338 2470 sit
355 2409 523 2490 praeterea
539 2369 635 2472 lrobis
654 2341 890 2491 requirrinlum.
921 2368 1088 2472 Habemus⁷

116 2494 358 2562 haecomnia:
385 2495 559 2562 bonorum,
573 2495 715 2560 studium
738 2495 944 2560 conciliatum
971 2515 1010 2560 ex
1031 2495 1087 2559 tri-

116 2585 257 2650 bunatu
287 2586 420 2668 propter
450 2587 610 2668 nostram,
640 2586 678 2648 ut
709 2605 802 2668 spero
833 2587 866 2648 te
898 2584 1088 2669 intelligere,

117 2693 277 2755 causam,
304 2673 394 2758 vulgi
421 2693 458 2736 ac
484 2671 700 2737 multitudinis
727 2675 860 2757 propter
880 2673 1088 2758 magnificen-

116 2763 213 2827 tiam
233 2781 404 2825 munerum
426 2761 714 2845 liberalitatemque
737 2765 882 2846 naturae,
911 2762 1088 2826 iuventutis

118 2855 157 2916 et
189 2847 409 2934 gratiosorum
439 2850 476 2914 in
502 2849 663 2936 suffragiis
694 2849 802 2914 studia
828 2854 961 2934 propter
986 2851 1088 2935 ipsius

118 2937 340 3004 excellentem
366 2937 403 3002 in
430 2959 468 3003 eo
495 2959 613 3024 genere
637 2939 687 3003 vel
714 2939 853 3024 gratiam
881 2940 932 3003 vel
954 2939 1088 3026 diligen·

118 3029 225 3110 tiam,
252 3029 397 3092 nostram
424 3027 702 3113 suffragationem,
731 3027 887 3093 siminus
913 3031 1089 3112 potentem,

120 3121 160 3182 at
190 3113 364 3199 probatam
388 3118 499 3181 tamen
526 3119 560 3180 et
584 3116 704 3179 iustam
730 3119 764 3178 et
790 3115 931 3198 debitam
958 3119 991 3180 et
1015 3137 1088 3198 pro-

119 3209 245 3290 pterea
256 3203 393 3269 fortasse
407 3205 506 3268 etiam
523 3205 712 3290 gratiosam3
735 3203 799 3268 dux
812 3204 907 3268 nobis
926 3206 959 3267 et
977 3206 1089 3267 auctor
1107 3221 1125 3270 4

121 3313 214 3378 opus
237 3295 288 3356 est
308 3297 341 3358 et
363 3313 475 3357 eorum
493 3296 672 3376 ventorum,
695 3313 776 3376 quos
792 3291 960 3376 proposui,
982 3290 1089 3355 mode·

201 3501 256 3570 Ep.
275 3508 299 3569 6,
314 3508 338 3556 2.
375 3503 591 3558 innumerabilia
609 3502 738 3569 beraeficio
755 3515 812 3554 roa
837 3499 945 3567 (margo
964 3499 1014 3566 M,
1033 3499 1090 3567 Nl·

122 3573 190 3628 iasa
209 3587 268 3626 corr
284 3573 348 3627 ΜΒ.
