2568 3980
269 222 332 286 142
549 188 941 278 inconcussumque

266 367 431 453 valetudo,
458 369 504 450 et,
531 367 559 432 si
586 387 656 431 esse
682 385 749 430 una
775 364 882 430 minus
908 363 1100 450 poterimus,
1127 387 1227 450 quam
1271 375 1272 406 ³

266 457 425 541 volemus,
452 455 634 520 animorum
655 457 766 522 umen
792 453 1019 519 coniunctione
1047 453 1230 540 iisdemque

11 615 12 644 ,
113 583 116 590 -
182 565 186 569 ·
266 545 380 697 stgdiis
411 545 459 610 ita
487 543 647 629 fruemur,
681 546 720 608 ut
749 563 926 629 numquam
956 563 1024 609 non
1055 564 1123 608 nna
1155 565 1230 609 esse

267 656 300 698 vr
322 655 441 698 samur.

701 825 791 894 XIV.

441 939 498 998 Ser.
517 940 623 998 Romae
641 957 736 996 mense
754 939 834 996 Iunio
853 956 878 994 a.
897 958 924 996 u.
943 957 966 995 c.
988 947 1047 996 709.

374 1063 406 1120 L.
425 1063 600 1121 unoculus
619 1063 651 1130 Q.
669 1063 748 1127 RE.
766 1055 799 1120 Ι).
818 1063 856 1119 Μ.
875 1061 1009 1120 TULLIO
1027 1063 1065 1120 M.
1085 1063 1118 1118 P.

234 1177 248 1224 1
335 1162 366 1231 S.
380 1164 420 1230 V.
434 1164 472 1230 B.
485 1163 524 1230 E.
537 1163 587 1249 V,
610 1164 694 1230 sicut
712 1163 810 1249 s'oleo,
831 1163 976 1248 paullulo
998 1167 1108 1228 tamen
1127 1165 1227 1229 otiam

269 1254 417 1337 deterius,
440 1275 536 1338 quam
555 1252 652 1318 soleo.
688 1252 735 1318 Te
753 1252 905 1336 requisivi
924 1252 1060 1337 saepius,
1081 1255 1119 1316 ut
1140 1253 1226 1318 vide·
1271 1265 1272 1338 l

267 1363 348 1406 rem:
379 1341 502 1406 Romae
529 1341 605 1424 quis
631 1343 745 1425 postea
771 1362 839 1406 non
864 1340 970 1423 fuisti,
1002 1361 1099 1425 quam
1126 1363 1149 1405 a
1175 1363 1227 1406 me
1271 1343 1272 1426 l

267 1429 472 1513 discesseras,
498 1429 633 1494 miratus
661 1451 746 1512 sum,
778 1428 864 1512 quod
890 1428 977 1493 idem
1002 1449 1089 1493 nunc
1115 1430 1226 1495 miror.
1271 1427 1272 1472 l

266 1515 344 1583 Non
370 1515 476 1582 habeo
503 1519 639 1601 certum,
667 1538 748 1600 quse
774 1520 808 1582 te
834 1538 886 1582 res
912 1515 989 1581 hinc
1015 1517 1157 1584 maxime
1179 1539 1226 1582 re·

266 1605 388 1670 trahat:
411 1605 440 1669 si
462 1604 635 1670 solitudine
658 1605 824 1690 delectare,
846 1626 946 1689 quum
967 1605 1088 1670 scribas
1111 1609 1148 1670 et
1171 1607 1226 1670 ali·
1271 1595 1272 1670 l

268 1693 345 1778 quid
368 1713 448 1779 agas
471 1715 591 1775 eorum,
614 1715 751 1777 quorum
773 1694 949 1777 consuesti,
972 1693 1097 1779 gaudeo
1119 1713 1226 1779 neque
1271 1691 1272 1780 l

266 1781 467 1867 reprehendo
489 1784 582 1846 tuum
609 1783 792 1864 consilinm3
818 1801 895 1846 nam
921 1781 1004 1846 nihil
1030 1782 1093 1847 isto
1115 1787 1227 1866 potest
1271 1781 1272 1856 l

162 1875 164 1880 ’
268 1891 337 1936 esse
358 1870 528 1936 iucundius
550 1891 618 1934 non
640 1870 736 1935 modo
758 1869 883 1934 miseris
902 1869 954 1934 his
973 1869 1177 1955 temporibus
1194 1876 1227 1936 et
1271 1881 1272 1938 l

151 1994 159 2001 ·
267 1958 435 2044 luctuosis,
463 1958 642 2024 sedetiam
663 1957 847 2042 tranquillis
870 1960 903 2022 et
925 1959 1059 2042 optatis,
1080 1981 1224 2043 praeser—
1271 1941 1272 2034 l

266 2048 326 2112 tim
353 2049 405 2114 vel
436 2048 545 2112 animo
573 2047 749 2133 defetigato
777 2051 848 2130 tuo,
880 2047 935 2131 qui
966 2067 1054 2112 nuno
1079 2049 1224 2131 requiem

267 2141 402 2221 quaerat
423 2157 463 2200 ex
485 2136 612 2222 magnis
635 2135 913 2220 occupationibus,
935 2136 986 2199 vel
1009 2135 1147 2220 erudito,
1171 2138 1224 2221 qni

267 2245 393 2310 semper
415 2224 536 2309 aliquid
562 2245 601 2288 ex
628 2245 662 2288 se
688 2226 829 2308 promat,
856 2222 941 2308 quod
970 2222 1054 2288 alios
1078 2223 1225 2308 delectet,

232 2319 295 2380 aa
319 2314 427 2397 ipsum
453 2311 602 2376 laudibus
628 2311 782 2394 illustret3
812 2313 863 2376 sin
889 2314 1009 2394 autem,
1037 2311 1120 2377 sicut
1147 2313 1223 2378 hinc
1271 2347 1272 2420 p

267 2400 467 2482 discesseras,
489 2399 629 2463 lacrimis
652 2419 690 2462 ao
707 2400 858 2464 tristitiae
875 2402 909 2464 te
926 2398 1097 2484 tradidisti,
1120 2401 1224 2484 doleo,

267 2487 342 2570 quia
364 2487 454 2552 doles
477 2490 510 2551 et
532 2507 659 2571 angere,
681 2507 741 2551 nec
759 2509 891 2572 possum
908 2491 941 2552 te
958 2509 1027 2552 non
1041 2523 1084 2535 -
1099 2489 1126 2553 si
1150 2511 1223 2554 con·

267 2575 361 2660 cedis,
385 2575 471 2659 quod
494 2575 663 2659 sentimus,
685 2579 722 2639 ut
743 2576 875 2642 liberius
898 2575 1041 2640 dicamus
1064 2611 1107 2624 ··-
1130 2597 1223 2642 accu-

267 2685 350 2728 sare:
378 2664 455 2748 quid
478 2663 586 2728 enim‘?
613 2666 649 2727 tu
673 2664 760 2728 solus
784 2667 896 2749 aperta
917 2685 985 2728 non
1007 2665 1144 2750 videbis,
1169 2666 1222 2750 qui

265 2755 398 2836 propter
421 2773 556 2817 acumen
579 2752 795 2817 occultissima
816 2752 993 2836 perspicis?
1019 2756 1055 2818 tu
1077 2775 1148 2818 non
1175 2755 1221 2818 in·

265 2840 392 2925 telliges
413 2843 447 2905 te
470 2841 607 2926 querelis
630 2840 826 2925 quotidianis
848 2840 930 2905 nihil
952 2840 1133 2925 proficere?
1155 2863 1221 2907 non

167 2945 169 2952 ’
265 2929 427 3013 intelliges
450 2929 607 3013 duplicari
634 2929 878 3014 sollicitudines,
905 2950 984 3014 quas
1012 2929 1137 2994 elevare
1164 2934 1223 2994 tua

228 3020 298 3084 ste
329 3016 502 3102 prudentia
536 3017 702 3101 postula-t?
758 3015 851 3093 Quod
887 3018 915 3081 si
945 3038 1013 3082 non
1048 3037 1224 3101 possumus

266 3105 387 3190 aliquid
418 3104 572 3189 proficere
600 3104 778 3189 suadendo,
805 3105 910 3190 grstia
937 3104 1162 3171 contendimus
1189 3109 1224 3169 et

335 3277 498 3349 Ep.1s,1.
539 3295 621 3348 qaam
643 3295 662 3333 o
683 3295 724 3333 nse
745 3279 906 3334 scaceras
928 3279 993 3348 (ll).
1035 3296 1118 3350 quom
1140 3297 1160 3334 a
1181 3295 1220 3333 sas

266 3350 423 3405 discesserat
440 3349 500 3403 Ma
536 3365 619 3418 quam
636 3349 798 3404 disuaserut·
810 3350 871 3404 Ml.
906 3365 930 3420 q.
950 3350 1097 3406 decesserat
1114 3350 1170 3418 Or,
1188 3349 1218 3403 B.

266 3425 290 3474 2.
314 3435 424 3490 capue,
442 3435 491 3474 use
509 3418 572 3488 (Vl.
618 3435 660 3484 o.‚·
676 3435 734 3474 uos
754 3419 791 3474 Μ.
815 3419 909 3490 vulgo.
939 3447 972 3459 —-
996 3436 1054 3474 usu
1071 3449 1106 3460 -
1123 3421 1150 3475 si
1168 3460 1175 3475 .
1191 3459 1217 3472 ..

266 3490 390 3545 dicamus
406 3520 442 3530 -
460 3505 515 3545 occ.
535 3489 609 3558 (W.).
654 3505 723 3556 asu,
740 3491 767 3544 a·
846 3491 882 3558 d,
901 3505 955 3546 occ.
975 3491 1070 3559 vulpe.
1110 3497 1137 3547 8.
1163 3495 1223 3546 aaa

263 3575 407 3628 possessus
425 3561 497 3628 (edd.
515 3561 605 3630 cett).
636 3561 774 3628 possimus
791 3560 857 3615 ΜΒ.
