2636 3986
379 246 637 302 EPISTOLARUM
654 247 729 303 xm.
748 255 861 304 ιιι-43.
1030 249 1097 314 455

138 395 223 478 fore,
250 413 363 477 quum,
394 395 432 456 ut
459 415 566 477 spero,
597 415 678 477 quae
705 393 867 478 pollicitus
890 415 938 478 es,
969 393 1096 458 feceris!

139 481 280 547 Omnino
305 481 517 546 ostenderunt
535 480 736 547 Bullidenses
756 503 825 546 sese
843 481 979 547 Lucceio
1002 480 1097 547 Pom-

139 571 205 656 peii
232 569 391 636 arbitratu
419 569 656 654 satisfacturos3
689 570 744 635 sed
777 569 983 650 vehementer
1015 582 1132 655 opusc

140 663 190 723 est
216 658 311 723 nobis
343 661 376 722 et
406 659 607 723 voluntatem
633 662 667 724 et
694 659 919 724 auctoritatem
942 662 975 723 et
997 658 1097 743 impe-

140 748 224 811 rium
246 750 339 811 tuum
360 746 518 832 accedere,
541 746 627 832 quod
646 751 684 812 nt
701 747 811 832 facias,
833 752 865 811 te
883 747 982 812 etium
1001 750 1117 830 atque·

141 836 239 900 ctiam
260 855 351 920 rogo.
395 833 543 919 Illudque
570 836 650 900 mihi
677 837 895 921 gratissimum
922 839 984 917 est,
1012 834 1097 919 quod

140 925 187 988 itu
210 923 317 988 sciunt
335 922 463 988 Lucceii
485 928 709 1009 procuratores
733 929 765 988 et
787 925 833 989 ita
852 923 1006 989 Lucceius
1028 924 1097 1008 ipse

141 1033 180 1076 ex
202 1013 319 1077 litteris
341 1013 416 1096 tuis,
439 1035 519 1096 quus
542 1013 583 1078 ad
605 1035 679 1078 eum
701 1012 831 1097 misistI,
851 1013 1019 1096 intellexit,
1040 1011 1098 1076 ho-

140 1101 238 1165 minis
260 1101 381 1166 nullius
405 1063 490 1185 ipud
513 1105 545 1166 te
569 1102 793 1167 auctoritatem
812 1062 868 1165 aiut
886 1101 1025 1186 gratiam
1043 1122 1098 1164 va·

140 1190 206 1254 lere
228 1189 302 1273 plus
325 1211 423 1274 quam
445 1211 562 1255 meam·
590 1191 624 1254 id
646 1194 684 1255 ut
705 1211 740 1254 re
763 1190 960 1314 experiatur,
981 1189 1100 1254 iterum

142 1278 363 1362 etsaepiust
364 1299 494 1364 erogo.

557 1470 675 1538 XLIII.

435 1585 492 1640 Sor.
505 1584 610 1640 Romae
624 1601 649 1639 a.
664 1603 691 1639 u.
704 1601 727 1639 o.
742 1591 801 1640 699.

408 1708 445 1762 M.
474 1707 602 1764 CICERO
630 1709 663 1762 R.
691 1707 833 1766 GALLIO.

210 1805 282 1872 Etsi
309 1807 457 1891 plurimis
487 1808 584 1872 rebus
612 1829 704 1892 spero
736 1808 806 1872 fore
836 1810 873 1871 ut
899 1805 1136 1892 perspiciam,1

144 1895 230 1978 quod
258 1898 368 1960 tamen
395 1895 586 1979 iampridem
612 1895 784 1979 perspicio,
815 1916 866 1959 me
894 1917 913 1960 a
935 1899 968 1960 te
991 1894 1102 1978 amari,

143 1987 255 2047 tamen
276 2004 364 2047 nunc
387 2005 425 2046 ea
448 2003 545 2048 causa
566 1983 627 2047 tibi
650 1983 792 2067 datur,
782 2003 818 2046 m
845 2005 909 2066 qua
930 1982 1026 2048 facile
1049 1981 1102 2046 de·

144 2072 267 2136 clarere
289 2070 394 2155 possis
416 2073 508 2134 tuam
530 2091 608 2156 erga
625 2093 676 2134 me
694 2071 965 2136 benevolentiam.
988 2070 1024 2135 L.
1038 2068 1102 2153 Op·

143 2160 217 2244 pius
240 2158 284 2224 M.
306 2159 329 2222 f.
351 2157 535 2223 Philomelii
561 2159 760 2244 negotiatur,
786 2159 884 2226 homo
907 2159 987 2223 mihi
1008 2159 1101 2223 fami·

143 2247 248 2330 liaris3
271 2268 345 2312 eum
361 2245 423 2310 tibi
440 2247 533 2312 unice
553 2249 741 2312 commendo
760 2268 860 2331 eoque
879 2248 992 2332 magis,
1016 2245 1102 2331 quod

145 2356 245 2419 quum
267 2335 373 2420 ipsum
396 2335 510 2421 diligo,
535 2340 606 2401 tum
628 2336 715 2421 quod
737 2336 869 2422 negotia
889 2339 1044 2420 procurat
1065 2333 1102 2400 L.

144 2423 280 2526 Egnatii
301 2423 385 2508 Rufi,
408 2445 471 2508 quo
479 2441 556 2526 ¹ego
579 2445 645 2490 uno
669 2425 776 2509 equit
743 2424 942 2490 Rtomano
964 2423 1102 2488 familia-

144 2512 270 2576 rissime
293 2515 424 2577 uteret
450 2514 623 2597 quiquam
645 2514 877 2580 consuetudine
904 2513 1101 2599 quotidiana,

145 2603 216 2663 tum
243 2599 357 2665 officiis
385 2602 532 2685 plurimis
563 2603 774 2688 maximisque
801 2603 881 2667 milri
910 2603 1101 2668 coniunctus

147 2689 205 2750 est.
249 2686 390 2774 Oppium
412 2690 512 2775 igitur
534 2695 738 2775 praesentem
759 2694 797 2755 ut
819 2690 945 2775 diligas,
967 2688 1136 2790 Egnatii²

93 2793 99 2798 ·
147 2774 271 2840 absent'
247 2779 289 2840 tis
312 2799 380 2841 rem
403 2780 440 2842 ut
462 2782 581 2862 tueare,
604 2801 704 2862 aeque
729 2801 750 2842 a
770 2781 802 2842 te
821 2780 906 2862 peto,
928 2799 966 2840 uc
984 2777 1012 2840 si
1029 2797 1102 2840 mea

146 2864 278 2948 negotis
310 2869 425 2930 essent.
403 2829 581 2960 tVelini
609 2867 782 2930 memoriae
812 2867 889 2929 tuae
921 2886 1018 2930 causa
1045 2864 1122 2929 des

144 2952 338 3027 litterarum,
349 2953 479 3037 aliquid,
503 2951 584 3037 quae
602 2953 689 3017 tibi
680 2974 715 3017 m
732 2953 897 3036 provincia
917 2953 1102 3035 reddantur,

146 3040 203 3104 sed
224 3041 272 3104 ita
294 3042 492 3123 conscribas,
517 3044 555 3104 ut
575 3043 659 3125 tum,
682 3063 780 3125 quum
803 3063 857 3105 eas
879 3042 981 3127 leges,
1006 3040 1101 3104 facile

145 3128 307 3192 recordari
325 3129 430 3213 possis
447 3128 543 3193 huius
557 3149 647 3193 meae
666 3129 953 3194 commendationis
968 3128 1102 3211 diligen·

144 3216 238 3279 tiam:
261 3215 323 3280 hoc
336 3219 377 3280 ‘tc
401 3215 608 3280 vehementer
630 3217 727 3280 etiam
750 3221 845 3301 atque
870 3215 968 3280 etiam
989 3233 1080 3299 rogo.

217 3439 269 3512 Ep.
288 3448 370 3510 lun
397 3442 571 3498 Bullidenses
589 3443 660 3510 (cdd.
679 3443 741 3512 Reg
742 3445 789 3512 g..)
825 3441 969 3495 Bulliones
987 3439 1052 3495 ΜΒ.
1067 3471 1102 3480 -

144 3461 284 3580 factorem
301 3513 347 3568 sed
366 3513 441 3581 (ιι).
478 3513 498 3578 f.
527 3512 635 3568 Sedvu
636 3513 693 3583 lgo
722 3461 781 3580 Ep
800 3517 903 3578 43,1.
919 3515 1010 3566 tameo
1027 3525 1104 3566 urere

145 3583 504 3653 condonaturum
520 3599 579 3639 mea
596 3584 634 3637 M.
648 3531 801 3640 g...teaV
819 3555 851 3636 B’.
999 3617 1000 3621 ,
