2652 3982
250 223 316 290 246
534 224 573 280 Μ.
591 223 715 280 TULLII
733 223 923 281 CICERONIS

249 369 377 438 litterae
399 391 468 437 non
489 371 661 454 venerunt,
688 373 735 454 et,
763 370 828 434 nisi
849 369 996 438 Deiotari
1020 373 1209 442 subsecutae

250 463 371 544 essent,
402 459 438 524 in
467 480 539 524 eam
566 458 752 543 opinionem
784 457 915 526 Cassius
937 461 1100 548 †veniat,
1127 485 1209 548 quae
1319 507 1320 524 i

250 548 436 634 diripuisset
466 548 550 632 ipse,
587 550 625 612 ut
656 547 841 614 viderentur
873 549 914 614 ab
945 549 1041 616 hoste
1072 555 1209 637 vastata,
1319 623 1320 630 χ

249 637 380 703 finxisse
402 636 524 702 bellum
551 638 584 701 et
606 634 732 702 Arabas
754 637 790 700 in
811 637 1011 721 provinciam
1038 639 1208 708 immisisse

250 747 369 810 eosque
390 724 530 790 Parthos
553 745 621 789 esse
640 725 767 789 senatui
787 726 1003 792 renuntiasse:
1027 749 1125 813 quaro
1146 730 1208 796 tibi
1319 785 1320 806 2

250 815 380 899 suadeo,
402 813 593 898 quicumque
617 815 666 877 est
683 813 756 878 istic
775 816 879 880 status
897 837 1014 899 rerum,
1036 815 1209 904 diligenter

249 907 283 968 et
305 906 398 968 caute
419 902 608 988 perscribas,
630 923 671 966 ne
695 905 752 967 aut
773 903 951 968 velificatus
970 904 1067 970 alicui
1090 905 1207 972 dicaris
1319 901 1320 972 i

213 996 307 1062 aaut
329 990 463 1077 aliquid,
493 991 580 1076 quod
605 990 741 1056 referret
768 991 863 1075 scire,
891 992 1065 1058 reticuisse.
1110 993 1208 1061 Nunc
1319 1033 1320 1060 i

249 1081 353 1146 exitus
381 1082 430 1145 est
456 1080 547 1163 anni3
579 1102 656 1145 nam
679 1101 739 1165 ego
766 1080 827 1145 has
849 1080 974 1146 litteras
1003 1103 1031 1146 a.
1054 1081 1083 1146 d.
1113 1097 1205 1145 x1111.
1319 1081 1320 1136 l

248 1170 321 1235 Kar.
338 1168 532 1236 Decembres
551 1169 672 1254 scripsi.
707 1168 1020 1236 cuneumque
1039 1174 1115 1236 ana
1132 1170 1205 1236 mu.

248 1258 417 1326 Ianuarias
440 1258 494 1343 agi
516 1279 626 1342 posse:
648 1259 736 1322 nosti
754 1257 951 1343 Marcellum,
974 1281 1071 1342 quam
1092 1259 1205 1325 tardus
1319 1263 1320 1278 ¹

249 1351 282 1412 et
303 1368 418 1432 parum
441 1346 556 1412 efficax
578 1346 629 1430 sit,
652 1347 792 1431 itemque
811 1343 940 1412 Servius
959 1369 1057 1432 quam
1075 1351 1205 1414 cuncta-

247 1439 313 1519 tor3
342 1435 521 1501 cuiusmodi
543 1438 639 1520 putas
661 1434 722 1500 hos
745 1457 814 1500 esse
837 1437 895 1502 aut
921 1457 1018 1519 quam
1045 1436 1091 1522 id,
1118 1437 1204 1522 quod
1319 1423 1320 1488 l

247 1525 368 1609 nolint,
399 1523 555 1590 conficere
587 1545 695 1608 posse,
727 1525 795 1609 qui,
818 1545 900 1609 quae
923 1525 1073 1610 cupiunt,
1094 1527 1203 1592 tamen

246 1614 295 1679 ita
324 1611 443 1698 frigide
475 1615 591 1698 agunt,
621 1615 659 1677 ut
689 1613 777 1678 nolle
809 1613 1053 1678 existimentur?
1101 1612 1203 1681 Novis

246 1701 492 1790 magistratibus
511 1705 628 1785 autem,
651 1701 679 1766 si
696 1700 884 1768 Parthicum
901 1701 1023 1767 bellum
1036 1701 1107 1786 erit,
1123 1702 1203 1768 haec
1319 1743 1320 1794 ,

247 1813 345 1858 ceusu
366 1791 488 1876 primos
514 1811 641 1855 menses
669 1790 853 1875 occupabit3
882 1790 932 1854 sin
955 1790 1052 1868 †aut
1083 1791 1125 1857 sit
1147 1796 1203 1858 aut
1319 1797 1320 1842 l

241 1902 315 1956 ,non
337 1879 399 1946 erit
420 1879 495 1944 istic
517 1879 638 1944 bellum
665 1882 723 1943 aut
743 1882 873 1942 tantum
895 1879 970 1963 erit,
999 1884 1036 1944 ut
1057 1902 1116 1946 vos
1147 1884 1203 1946 aut

247 1989 445 2035 successores
471 1969 580 2053 parvis
608 1967 724 2032 additis
753 1967 853 2052 copiis
881 1967 1038 2034 sustinere
1068 1969 1202 2053 possint,

246 2056 420 2124 Curionem
446 2057 539 2123 video
568 2077 601 2122 se
625 2056 794 2142 dupliciter
820 2057 1027 2122 iactaturum:
1054 2057 1202 2142 primum,

245 2150 283 2213 ut
305 2146 426 2230 aliquid
440 2143 570 2212 Caesari
588 2145 722 2229 adimet,
744 2145 829 2229 inde,
850 2148 888 2210 ut
909 2145 1030 2229 aliquid
1047 2145 1202 2232 Pompeio

245 2235 376 2320 tribuat,
391 2234 525 2318 quodvis
540 2234 717 2319 quamlibet
728 2237 827 2299 tenue
840 2235 1076 2300 munusculum.
1106 2233 1201 2302 Paul-
1319 2281 1320 2310 ,

244 2324 297 2388 lus
319 2344 416 2408 porro
439 2344 507 2388 non
528 2322 670 2388 humane
688 2322 727 2386 de
745 2322 911 2407 provincia
927 2323 1083 2408 loquitur:
1105 2323 1202 2390 huius

246 2410 415 2494 cupiditati
446 2431 636 2477 occursurus
674 2413 723 2475 est
757 2409 898 2476 Furnius
933 2415 1057 2496 nostem
1092 2414 1201 2497 plures

210 2517 228 2567 c
246 2499 403 2584 suspicari
425 2519 493 2564 non
514 2519 655 2584 possum.
699 2498 790 2564 Haec
812 2501 900 2566 novi:
924 2500 1001 2584 alia,
1024 2522 1106 2584 quac
1126 2523 1201 2586 pos-

245 2591 324 2654 sunt
345 2586 498 2671 accidere,
519 2608 587 2653 non
610 2608 715 2654 cerno.
756 2586 861 2653 Multa
882 2592 1010 2673 tempus
1033 2589 1146 2655 afferre
1169 2593 1203 2656 ot

244 2679 437 2762 praeparata
459 2679 584 2742 mutare
608 2677 688 2760 scio;
716 2676 771 2742 sed
793 2677 881 2754 intra
901 2677 983 2744 fines
1005 2677 1082 2762 hos,
1105 2699 1200 2762 quae·

245 2787 381 2850 cumque
395 2765 578 2848 acciderint,
590 2768 764 2831 vertentur.
800 2763 886 2830 lllud
899 2765 983 2830 eddo
1002 2765 1043 2830 ad
1056 2767 1201 2831 actiones

120 2903 125 2912 ·
245 2852 280 2922 O.
294 2852 453 2938 Curionis,
475 2854 513 2920 de
532 2874 611 2940 agro
631 2852 810 2940 Campan03
833 2853 871 2918 de
895 2875 958 2938 quo
981 2858 1105 2940 negant
1123 2853 1200 2919 an-

244 2964 350 3010 sarern
372 2943 533 3027 laborare,
556 2942 612 3010 sed
633 2942 824 3028 Pompeium
845 2942 938 3009 valde
960 2943 1056 3027 velle,
1082 2964 1124 3007 ne
1148 2963 1199 3008 va·
1319 3001 1320 3026 ,

209 3049 324 3103 ‘cuns
357 3030 540 3096 advenienti
572 3030 702 3097 Caesari
733 3034 852 3116 pateat
906 3029 1000 3108 Quod
1031 3031 1073 3096 ad
1107 3035 1199 3098 tuum

244 3122 410 3190 decessum
437 3122 568 3204 attinet,
598 3121 678 3185 illud
703 3120 765 3186 tibi
790 3142 859 3186 non
885 3141 1017 3204 possum
1047 3120 1200 3205 polliceri,

314 3296 366 3368 Eo·
387 3303 428 3365 10,
443 3301 467 3350 ²-
504 3297 627 3363 neae
645 3295 702 3364 (u,
721 3295 786 3366 w.).
822 3300 933 3352 venerat
955 3293 1027 3364 (esc.
1045 3296 1126 3362 ven,
1143 3294 1200 3364 w.)
1319 3297 1320 3354 p

245 3369 296 3423 aut
316 3368 441 3423 veniebat
469 3367 575 3434 (Ambr.
601 3372 646 3434 13,
665 3366 707 3436 Β).
751 3371 776 3420 3.
804 3365 942 3432 Seretion,
965 3382 1047 3436 quam
1073 3365 1146 3434 (V.)?
1166 3396 1201 3406 -

244 3438 317 3507 qood
338 3439 438 3492 nolant
456 3437 503 3506 (W
505 3439 540 3504 lt
565 3469 598 3477 —
622 3437 781 3505 occupabit·
802 3437 848 3492 sio
867 3437 942 3506 (W.).
986 3451 1009 3491 c.
1029 3433 1084 3491 sse
1105 3435 1200 3506 vulgo.
1319 3499 1320 3530 ἢ

243 3509 290 3562 sic
306 3511 389 3575 †ccct
405 3509 443 3564 sit
460 3513 511 3562 oct
528 3524 584 3563 occ
603 3507 711 3576 (ΜΝ).
752 3509 797 3562 sic
816 3512 905 3563 cutem
927 3511 977 3562 act
994 3521 1052 3561 noa
1070 3505 1127 3576 (N.)
1151 3509 1202 3563 aut

244 3578 291 3632 sin
308 3583 432 3634 autnon
450 3577 512 3650 (3.).
549 3584 574 3632 4.
601 3577 680 3636 valde
696 3578 762 3634 celle
781 3579 842 3647 (L).
877 3595 902 3633 c.
921 3575 992 3634 lecito
1008 3577 1055 3632 M..
1074 3576 1169 3648 vulgo.
