2636 3986
234 183 300 248 446
519 183 557 238 Μ.
577 182 700 238 TULLII
718 181 909 238 CICERONIS

236 328 362 411 simum,
379 349 447 393 non
465 328 505 393 iis
522 327 619 393 modo
633 327 748 412 causis,
765 348 847 411 quae
862 326 1002 412 speeiem
1014 325 1036 406 t
1048 325 1195 391 habeant

235 437 374 502 magnae
397 416 647 499 coniunctionis,
675 416 731 480 sed
753 415 793 480 iis
816 415 927 499 etiam,
950 436 1032 500 quae
1055 414 1192 480 familia·
1306 442 1307 476 ι

234 506 330 570 ritate
363 507 396 570 at
426 503 658 570 consuetudine
689 507 858 588 tenentur,
889 525 986 588 quam
1018 503 1080 568 sois
1113 503 1193 568 mihi
1306 531 1307 586 3

235 594 499 659 iucundissimam
526 613 599 656 eum
630 595 723 676 patre
749 595 807 658 tuo
834 595 868 656 at
897 613 1056 656 summam
1078 591 1193 674 fuisse3

235 682 278 746 ab
308 682 360 746 hir
391 681 493 746 initiis
519 684 632 745 noster
660 681 697 744 in
726 683 760 746 te
792 702 884 745 amor
909 679 1073 766 profectus
1104 681 1193 744 auxit

235 772 405 854 paternam
426 769 696 834 necessitudinem
719 773 751 834 et
780 790 818 835 eo
840 769 959 854 magis,
986 768 1072 853 qaod
1098 769 1192 833 intel·
1307 828 1308 853 ,

235 859 312 940 laxi,
342 861 380 924 ut
410 858 550 942 primum
581 878 640 943 per
662 861 800 923 aetatem
826 857 981 922 iudicium
1006 857 1113 923 faeere
1135 879 1193 941 po-
1307 915 1308 936 ,

235 947 345 1030 tueris,
366 947 481 1032 quanti
503 946 638 1032 quisque
659 946 721 1010 tibi
737 946 905 1011 faciendus
927 949 1095 1028 essetne
1118 967 1138 1010 a
1159 949 1193 1010 te

235 1036 270 1100 in
292 1035 405 1120 primis
428 1039 578 1120 coeptum
600 1055 670 1102 esse
688 1035 861 1118 observari,
883 1035 955 1118 ooli,
977 1034 1082 1120 diligi3
1105 1054 1192 1099 aeae

236 1124 333 1189 debat
369 1145 438 1191 non
472 1124 632 1190 mediocre
668 1123 833 1190 vinoulum
869 1145 968 1207 quum
1004 1122 1192 1205 studiorum,

236 1213 322 1297 quod
343 1213 451 1298 ipsum
469 1216 519 1278 est
535 1233 594 1298 per
611 1233 645 1278 se
663 1233 771 1298 grave,
793 1215 862 1277 tum
882 1223 993 1277 eorum
1012 1211 1192 1277 studiorum
1308 1287 1309 1290 Ἴ

162 1321 168 1334 ·
236 1322 409 1386 earumque
437 1303 569 1385 artium,
595 1322 678 1384 qnae
704 1323 763 1386 per
789 1302 934 1385 seipsae
962 1321 1030 1384 eos,
1059 1300 1115 1384 qui
1137 1321 1192 1366 vo
1308 1339 1309 1354 ι

235 1389 361 1454 luntate
384 1389 496 1455 eadem
518 1352 608 1472 suirt,
630 1390 728 1454 etiam
749 1389 970 1454 familiaritate
997 1388 1193 1453 devinciunt
1308 1413 1309 1416 ¹

201 1476 431 1579 aEaspeotare
462 1481 495 1542 te
527 1440 679 1560 arbitror,
714 1478 795 1542 haee
822 1481 891 1542 tam
925 1478 1025 1562 longe
1054 1477 1194 1573 repetita
1308 1487 1309 1528 1

235 1565 395 1650 principia
413 1587 477 1650 quo
495 1569 654 1650 spectent·
676 1565 710 1630 id
728 1566 868 1650 primum
882 1585 959 1652 ergo
977 1559 1107 1649 habeto,
1124 1587 1193 1631 non
1307 1567 1309 1598 ⁵

237 1654 305 1719 sine
328 1674 449 1740 magna
470 1655 617 1738 iustaque
645 1675 742 1719 eausa
768 1654 853 1719 hane
880 1676 900 1719 a
922 1675 973 1720 me
1001 1674 1193 1720 commemo·
1309 1669 1310 1690 ι

235 1743 396 1808 rationem
418 1764 488 1807 esse
509 1743 639 1808 factam.
684 1741 718 1808 C.
741 1742 838 1809 Ateio
861 1741 1019 1828 Capitone
1047 1747 1123 1808 utor
1143 1742 1195 1807 fa

237 1831 460 1896 miliarissime.
504 1829 611 1898 Notae
642 1831 704 1898 tibi
735 1831 812 1897 aunt
842 1831 1016 1897 varietates
1047 1853 1193 1898 meorum

236 1923 431 2005 temporum:
454 1921 490 1984 ιιι
512 1920 601 1986 omni
624 1941 741 2006 genere
764 1920 974 1985 othonorum
993 1923 1026 1984 et
1043 1920 1193 1987 laborum

237 2029 382 2074 meorum
405 2011 438 2074 et
460 2009 587 2074 animus
605 2012 639 2073 et
657 2030 754 2093 opera
772 2013 805 2072 et
824 2009 999 2074 auotoritas
1023 2013 1056 2074 et
1078 2009 1195 2094 gretia,

237 2099 336 2163 etiam
360 2119 413 2164 res
438 2097 608 2164 familiaris
639 2093 674 2163 C.
705 2095 873 2182 Capitonis
903 2101 1033 2183 praesto
1063 2098 1128 2161 fuit
1159 2104 1195 2162 et

201 2186 345 2288 aparuit
366 2189 400 2251 et
416 2186 616 2270 temporibus
633 2189 668 2251 at
683 2186 834 2252 fortunae
855 2207 955 2250 meae.
990 2184 1096 2250 Huius
1117 2207 1194 2270 pro

236 2275 377 2359 pinquus
398 2274 463 2339 fuit
484 2275 521 2340 Τ.
544 2273 715 2357 Antistius,
737 2274 793 2360 qui
815 2296 914 2358 quum
936 2277 1023 2340 sorte
1041 2277 1195 2358 quaestor

236 2361 460 2428 Macedoniam
492 2362 654 2428 obtineret
687 2383 791 2446 neque
824 2363 855 2427 ei
886 2383 1068 2428 successum
1099 2367 1195 2446 esset,

236 2450 409 2535 Pompeius
439 2451 475 2514 in
502 2472 573 2514 eam
599 2451 798 2534 provinciam
824 2471 898 2516 eum
924 2451 1065 2516 exercitu
1093 2453 1194 2517 venit.

237 2537 356 2604 Fetere
387 2538 550 2604 Antistius
581 2538 663 2602 nihil
694 2539 814 2623 potuit3
844 2560 934 2624 nam,
966 2539 993 2604 si
1024 2540 1194 2623 potuisset,

237 2626 320 2691 nihil
342 2626 505 2692 afuisset
521 2626 685 2710 antiquius
703 2649 801 2711 quam
819 2627 860 2692 ad
878 2624 1078 2713 Capitonem,
1097 2649 1194 2712 quem

237 2718 275 2781 ut
305 2718 473 2801 parentem
506 2714 674 2802 diligebat,
708 2715 839 2799 reverti,
873 2717 1062 2800 praesertim
1096 2737 1194 2798 quam

237 2804 347 2889 seirat,
378 2804 532 2890 quanti
523 2825 551 2870 rs
574 2801 744 2870 Caesarem
774 2804 896 2869 faceret
927 2825 1115 2888 semperque
1145 2805 1193 2870 fe·

238 2893 347 2976 cisset3
376 2893 431 2958 sed
454 2914 627 2978 oppressus
652 2896 782 2957 tantum
805 2892 916 2994 attigit
936 2893 1070 2978 negotii,
1092 2914 1194 2978 quan-

201 2984 308 3045 atum
330 3002 477 3046 recusare
499 3003 568 3047 uon
588 2982 704 3066 potuit.
743 2979 897 3056 Quum
872 2983 1015 3066 signaret
1016 3003 1055 3046 ur
1078 3001 1193 3066 argen-

237 3073 308 3134 tum
321 3069 524 3155 Apolloniae,
545 3090 614 3135 non
636 3091 769 3154 possum
791 3069 895 3134 dicere
918 3090 992 3134 eum
1014 3069 1193 3153 praefuisse

332 3321 427 3385 pwna
447 3321 470 3370 1.
506 3313 703 3381 ιιαὸιαιιι..
714 3319 865 3370 teneatur
887 3315 941 3384 (W
943 3317 961 3384 ).
1012 3314 1193 3370 habeant...

236 3391 381 3440 famantur
398 3357 451 3454 (i)
470 3387 522 3439 aut
542 3386 682 3439 habent..
694 3389 845 3440 omenta
868 3384 971 3454 (Crat.)
1012 3386 1192 3441 habeant...

237 3455 622 3594 ”mwuiiiw
508 3461 533 3508 a.
551 3459 713 3524 ιιιιιριοιιιιιι
731 3457 825 3524 ia(W
826 3457 971 3526 .)ι..1ιι.
985 3456 1078 3526 vulgo.
1115 3429 1194 3522 asi·

237 3527 329 3591 cimam
346 3524 393 3579 aed
467 3524 542 3594 ).1.
570 3525 625 3580 Sed
642 3526 735 3598 vulgo
