2578 3982
256 219 514 276 EPISTOLARUM
533 219 582 274 AD
602 217 632 286 Q.
652 213 829 274 FRATREM
847 220 894 275 111.
915 226 938 274 1.
1008 218 1071 282 627

2 417 8 435 f
115 368 249 450 propter
275 364 561 431 commorationem
587 364 844 448 tabellariorum,
870 363 942 428 ideo
970 364 1072 426 multa

2 449 6 519 ³.
116 455 262 519 coniecta
292 455 369 518 aurit
400 452 487 517 eliud
519 453 582 518 alio
614 457 771 537 tempore,
802 452 891 517 velut
922 450 999 516 hoc:
1037 451 1073 515 T.

2 535 8 610 s
116 541 251 606 Anicius
275 541 355 605 mihi
378 561 472 625 saepe
490 540 555 605 iarn
575 541 655 605 dixit
673 561 741 605 sese
760 541 829 624 tibi,
853 540 1073 604 suburbanum

2 632 8 699 ἶ.
117 631 145 694 si
173 629 258 714 quod
289 629 479 712 invenisset,
510 649 578 694 non
609 629 831 693 dubitaturum
863 649 932 693 esse
960 649 1073 692 emere.

116 717 157 782 In
181 718 248 782 eius
272 738 418 782 sermone
445 737 506 803 ego
534 720 705 801 utrumque
734 717 821 782 soleo
849 717 1014 799 admirari,
1041 720 1074 780 et

1 806 12 890 ζ
116 809 150 870 te
177 806 217 870 de
245 806 430 871 suburbano
459 804 608 889 emendo,
636 827 734 889 quum
761 805 802 869 ad
825 805 916 869 illum
945 804 1074 888 scribas,

2 898 11 967 Q?
117 916 186 960 non
207 893 304 960 modo
327 894 369 959 ed
391 915 442 958 mc
464 915 533 959 non
552 893 699 978 scribere,
722 893 777 958 sed
800 894 897 958 etiam
920 894 1016 957 aliam
1039 893 1074 956 in
1282 929 1283 972 3

2 990 9 998 '
118 983 313 1048 sententiam
332 983 478 1067 scribere,
496 986 537 1067 et,
556 1003 655 1066 quum
673 983 714 1047 ad
732 982 824 1046 illum
843 982 973 1066 scribas,
992 982 1074 1046 nihil

117 1074 151 1135 te
178 1070 339 1136 recordari
370 1071 409 1135 de
437 1071 581 1154 epistolis
608 1071 686 1153 illis,
718 1092 797 1155 ques
829 1070 864 1134 in
892 1069 1075 1136 Tusculano
1282 1081 1283 1094 ¹

1 1171 11 1253 π’
118 1159 187 1224 eius
218 1163 255 1224 tu
288 1159 367 1224 mihi
399 1159 582 1243 ostendisti,
614 1159 696 1223 nihil
723 1159 763 1224 de
791 1157 1076 1243 praeceptisllpi·

2 1253 11 1325 ἶ
119 1248 250 1332 charmi,
272 1248 397 1330 γνῶθι,
420 1248 490 1324 πῶς
511 1243 600 1336 ἄλλῳ
623 1245 787 1333 κέχρηται,
809 1249 916 1312 totum
938 1247 1075 1330 denique

118 1337 257 1421 vultum,
289 1357 483 1420 sermonem,
515 1337 659 1402 animum
690 1336 773 1420 eius,
807 1335 1076 1420 quemadmodum

6 1497 12 1510 Ι
119 1425 270 1508 coniieio,
297 1425 389 1508 quasi
411 1424 438 1490 *.
484 1422 546 1490 Sed
573 1425 653 1490 haec
679 1427 716 1489 tu
739 1421 871 1489 videris:
901 1423 940 1488 dc
964 1423 1075 1488 subur·
1090 1435 1118 1478 2⁴

5 1533 10 1561 ⁷
119 1513 206 1578 bano
230 1535 307 1578 cure
328 1516 365 1578 ut
387 1513 500 1596 sciam,
523 1513 602 1597 quid
623 1513 715 1597 velis,
743 1517 776 1578 et
799 1512 907 1596 simul,
934 1534 975 1577 ne
1000 1512 1077 1596 quid

2 1587 12 1630 ³
118 1602 173 1666 ille
201 1601 325 1685 turbet,
353 1601 434 1666 vide.
480 1599 564 1688 Quid
590 1602 778 1687 praeterea?
816 1599 913 1685 quid?
958 1599 1077 1666 Etiam.

119 1688 277 1753 Gabinius
301 1711 328 1752 a.
352 1689 382 1754 d.
404 1707 463 1754 1111.
486 1689 559 1754 Kal.
578 1688 707 1755 Octobr.
725 1693 824 1755 noctu
843 1689 878 1752 in
898 1688 1010 1753 urbem
1029 1690 1076 1752 in·
1124 1701 1135 1717 '

1 1770 12 1812 ²
120 1776 268 1840 troieret:
293 1772 349 1862 [et]
372 1776 469 1840 hodie
491 1776 573 1841 hora
595 1794 674 1859 vm,
696 1798 795 1860 quum
818 1776 922 1840 edicto
946 1773 982 1840 O,
998 1775 1077 1841 Alfii
1284 1835 1285 1858 ,

2 1863 9 1924 ἓ
121 1864 160 1927 de
179 1863 347 1928 maiestate
366 1885 439 1928 eum
458 1862 568 1929 adesse
588 1867 760 1948 oporteret,
782 1883 939 1928 concursu
957 1885 1076 1948 magno
1284 1867 1285 1874 ’

1 1951 11 1992 ²
121 1956 155 2016 et
177 1952 251 2017 odio
279 1950 420 2016 universi
447 1953 559 2036 populi
585 1973 687 2038 paene
716 1951 856 2016 afflictus
883 1954 941 2018 est.
985 1951 1077 2016 Nihil

3 2037 11 2116 ἶ
121 2041 178 2106 illo
201 2041 342 2124 turpins3
364 2042 528 2124 proximus
550 2044 660 2104 tamen
684 2044 734 2106 est
750 2039 839 2104 Piso:
862 2039 970 2124 itaque
990 2041 1077 2104 miri·

3 2129 9 2172 ἵ
120 2129 218 2194 ficum
242 2129 415 2194 embolium
438 2129 546 2213 cogito
568 2128 604 2193 in
626 2127 801 2193 secundum
818 2128 974 2193 librorum
992 2150 1077 2194 mec-

3 2221 8 2260 i
121 2239 194 2282 rum
216 2215 388 2301 includere,
411 2217 569 2282 dicentem
592 2215 778 2300 Apollinem
795 2217 830 2280 in
848 2217 984 2282 concilio
1004 2217 1077 2281 dec·

3 2311 7 2348 ¹
121 2327 208 2390 rum,
240 2306 343 2390 qualis
374 2305 496 2370 reditus
527 2305 665 2370 duorum
691 2305 923 2388 imperatorum
949 2305 1077 2370 futurus
1172 2295 1183 2314 ’

122 2396 215 2477 esset,
239 2415 374 2476 quorum
393 2393 474 2458 alter
492 2394 666 2458 exercitum
683 2392 883 2478 perdidisset,
903 2393 985 2457 alter
1003 2415 1077 2458 ven·

5 2497 7 2508 ¹
122 2481 263 2547 didisset.
299 2481 350 2546 Ex
367 2475 538 2546 Britannia
552 2479 670 2547 Caesar
688 2481 730 2545 ad
747 2503 798 2546 me
812 2480 884 2546 Kal.
899 2479 1076 2566 Septembr.
1091 2501 1117 2546 n

122 2569 211 2634 dedit
223 2570 357 2653 litteras,
376 2592 455 2654 quas
474 2591 535 2654 ego
554 2571 662 2654 accepi
681 2591 709 2635 a.
727 2570 756 2635 d.
774 2587 834 2635 1111.
852 2569 923 2634 Kal.
939 2567 1077 2655 Octobr,

4 2675 6 2698 ³
124 2657 201 2722 satis
229 2657 412 2722 commodae
439 2658 478 2722 de
505 2657 702 2723 Britannicis
732 2659 842 2740 rebus,
874 2658 1004 2741 quibus,
1036 2680 1076 2722 ne

123 2745 269 2830 admirer,
292 2744 378 2828 quod
396 2766 416 2809 e
433 2749 466 2810 te
484 2746 591 2809 nullas
612 2746 798 2829 acceperim,
821 2745 932 2809 scribit
955 2766 989 2810 se
1008 2747 1077 2810 sine

122 2835 155 2897 te
177 2833 291 2918 foisse,
318 2854 418 2916 quum
444 2833 485 2897 ad
512 2853 599 2896 mare
627 2833 804 2897 accesserit.
854 2831 907 2896 Ad
934 2854 988 2897 eas
1016 2853 1076 2918 ego

122 2922 152 2985 ei
185 2922 310 2986 litteras
346 2921 428 2986 nihil
459 2920 621 3004 rescripsi,
656 2941 698 2986 ne
731 2919 917 3006 gratulandi
949 2921 1077 3004 quidem

193 3129 244 3201 Ep.
266 3135 294 3196 1,
312 3133 355 3184 23.
391 3129 542 3196 recordari,
567 3131 599 3184 de
623 3146 663 3200 ep.
691 3129 752 3200 (la).
797 3147 819 3184 r.
850 3131 894 3201 [de
915 3130 955 3255 she]
982 3131 1076 3199 deep.

120 3199 219 3266 Mau,
237 3199 268 3254 Β.
297 3229 330 3239 ——
358 3199 429 3265 eine,
452 3201 675 3268 qnenradmodam
697 3217 733 3268 c,
755 3201 837 3271 qnasi
853 3203 876 3254 *.
945 3200 978 3256 ed
1000 3201 1076 3269 (W).

121 3287 152 3338 e,
170 3288 194 3341 q.
214 3286 246 3337 c,
263 3286 288 3340 q.
307 3270 475 3326 dedidicisse.
513 3270 567 3326 Sed
585 3271 660 3340 (W.).
697 3287 734 3337 e.‚·
752 3288 776 3340 q.
796 3287 827 3337 a,
845 3272 926 3341 qnasi
943 3299 985 3324 -.
1023 3271 1078 3326 Sed

120 3343 151 3396 B.
189 3347 231 3396 24,
259 3341 418 3398 introierat:
441 3341 488 3412 [et]
507 3341 585 3398 bodie
604 3342 679 3408 (W.).
716 3342 854 3396 introierit
876 3347 900 3396 et
917 3343 942 3396 ln
961 3341 998 3396 M.
1035 3343 1077 3396 in·

120 3413 214 3467 troieit
232 3417 257 3466 et
274 3413 299 3466 b.
319 3411 370 3466 RI.
416 3413 562 3467 introierat
587 3412 637 3480 (sic
656 3429 689 3466 ex
714 3411 756 3464 W·
790 3410 886 3482 conj.),
906 3418 930 3467 et
947 3413 973 3466 lt.
992 3413 1023 3465 B.
1043 3442 1077 3452 -

121 3483 254 3540 librorum
275 3498 394 3538 meorwn
417 3482 556 3552 (Gruter).
603 3483 704 3537 librum
731 3483 863 3538 librorum
887 3499 1004 3538 meorum
1025 3483 1076 3537 Ml

122 3555 204 3623 (teste
222 3553 325 3624 Furia).
363 3553 464 3610 librum
482 3571 515 3608 nr.
535 3553 552 3609 t.
572 3553 636 3621 Mn,
655 3552 705 3608 Rl.
742 3571 776 3608 nr.
796 3553 813 3609 l.
833 3553 921 3623 Man„
939 3553 970 3609 Β.

811 3643 865 3696 40*
