2610 3980
277 231 340 298 106
557 233 594 286 Μ.
615 231 738 287 TULLII
757 229 947 288 CICERONIS

238 376 454 442 omultitudo.
499 375 665 441 Habemus
688 376 785 441 etium
806 376 966 441 rationem
988 375 1035 440 rei
1062 374 1228 442 familiaris
1290 397 1291 446 ἲ

272 468 357 550 tuae,
389 487 486 550 quam
518 464 667 549 dissipari
697 466 862 548 nolumus,
893 486 983 549 narn,
1015 463 1076 528 etsi
1107 465 1229 530 nullam
1290 531 1291 540 ἒ

272 557 381 639 potest
403 553 547 638 accipere
569 552 734 637 iniuriam,
763 575 844 638 quae
866 553 978 618 futura
999 556 1158 639 perpetua
1180 553 1229 638 sit,
1290 599 1291 604 η

272 646 444 730 propterea
466 641 553 727 quod
576 661 680 726 neque
702 640 745 727 is,
774 642 829 726 qui
850 644 942 707 tenet
967 663 1036 707 rem
1059 641 1230 726 publicam,
1290 647 1291 724 g

271 732 414 816 patietur
444 751 549 815 neque
579 731 651 814 ipsa
682 751 733 795 res
759 731 903 815 publica,
934 733 1045 795 tamen
1074 731 1230 815 impeturn
1290 775 1291 806 ι

271 819 508 905 praedonum
498 841 534 884 ιιι
555 823 629 884 tuas
661 818 809 884 fortunas
840 819 911 883 fieri
938 817 1029 904 nolo,
1060 819 1095 884 hi
1122 822 1230 884 autem
1290 837 1291 840 ’

248 909 328 996 qui
347 910 463 991 essent,
486 907 636 973 auderem
655 907 802 991 scribere,
820 907 885 982 nisi
902 911 935 972 te
954 907 1136 994 intelligere
1155 929 1230 974 con·

238 997 413 1062 efiderem.
457 995 567 1062 HIet
552 999 585 1061 te
617 996 713 1061 unius
737 996 981 1082 sollicitudines,
1008 996 1105 1062 unius
1132 997 1231 1062 etiam

243 1087 355 1150 mult
356 1107 393 1150 ae
425 1089 459 1151 et
490 1085 636 1151 assiduae
668 1086 831 1170 lacrimae,
864 1083 898 1150 Ο.
929 1084 1088 1171 Marcelli,
1118 1085 1231 1150 fratris
1290 1085 1291 1142 ἒ

272 1175 400 1261 optimi,
428 1174 654 1259 deprecantur:
686 1195 747 1240 nos
779 1195 857 1240 cura
888 1177 921 1239 et
906 1174 1059 1239 tdolore
1091 1173 1231 1259 proximi

272 1285 391 1347 sumus,
413 1263 561 1347 precibus
583 1262 749 1348 tardiores,
772 1263 858 1347 quod
880 1263 931 1328 ius
945 1261 1106 1348 adeundi,
1130 1284 1232 1347 quum

270 1351 334 1435 ipsi
361 1351 585 1436 deprecatione
613 1351 808 1437 eguerimus,
834 1373 903 1417 non
924 1351 1095 1437 babemus,
1122 1353 1231 1438 gratia

270 1441 400 1506 tanturn
421 1460 606 1524 possumus,
634 1441 791 1525 quantum
818 1439 908 1524 victi,
936 1439 992 1505 sed
1014 1442 1124 1505 tamen
1154 1461 1231 1506 con·

271 1527 352 1612 silio,
375 1527 482 1592 studio
501 1526 654 1594 Marcello
673 1550 742 1594 non
764 1528 933 1595 desumus·
959 1526 990 1592 Α
1008 1528 1073 1594 tuis
1095 1528 1231 1614 reliquis
1290 1541 1291 1614 I

270 1637 338 1683 ιιοιι
361 1617 564 1702 adhibemur3
586 1617 628 1681 ad
652 1615 761 1684 omnia
783 1617 890 1703 parati
913 1637 1032 1683 sumus.
1231 1635 1236 1648 ·

702 1809 793 1877 VIII.

367 1921 423 1980 Ser.
443 1923 549 1980 Itomae
568 1924 644 1994 (post
661 1922 721 1978 VII.
739 1922 803 1978 nor
823 1922 909 1994 Sext.)
929 1939 954 1978 a.
972 1940 1000 1978 ιι.
1019 1939 1042 1978 c.
1063 1928 1122 1980 708.

463 2048 500 2103 Μ.
521 2044 650 2103 CICERO
670 2046 696 2102 S.
715 2045 748 2102 D.
767 2046 805 2102 M.
823 2043 1029 2103 MARCELLO.

142 2204 147 2210 .
235 2158 249 2208 1
334 2147 447 2234 Neque
479 2168 610 2213 monere
640 2150 674 2212 te
706 2147 808 2212 audeo
839 2147 1019 2230 praestanti
1053 2145 1232 2234 prudentia

268 2238 373 2304 virum
386 2258 446 2302 nec
461 2237 650 2302 confirmare
664 2235 795 2300 maximi
814 2235 914 2300 animi
931 2234 1096 2301 bominem
1109 2256 1233 2302 unum-

269 2347 331 2409 qne
353 2325 579 2407 fortissimum,
606 2322 767 2390 consolari
789 2345 865 2389 vero
887 2324 978 2390 nullo
1001 2324 1121 2406 mod03
1137 2343 1233 2412 narn,
1290 2387 1291 2420 ,

269 2413 297 2478 si
319 2435 365 2498 aa,
389 2434 470 2498 quae
494 2375 687 2498 acciderunt,
709 2413 756 2478 ita
777 2412 857 2498 fers,
878 2415 917 2478 ut
939 2412 1044 2496 audio,
1067 2375 1235 2498 gratulari
1290 2431 1291 2494 ι

267 2501 372 2604 magis
341 2501 507 2654 ,epmpai
530 2501 630 2655 dgtlreo
654 2501 934 2654 quambponsolfari
957 2500 1137 2675 dolo,remt
1137 2524 1236 2658 nupia

268 2590 374 2654 sinte
417 2611 459 2654 an
520 2611 680 2655 maror
728 2611 853 2655 ureae
911 2611 954 2654 an
1082 2611 1193 2655 ιιοιιι

229 2678 430 2748 abundo
420 2679 562 2764 rngenio,
584 2681 622 2744 ut
638 2681 672 2743 te
690 2613 846 2763 cbnsoler,
868 2609 1058 2763 quumglinpse
1081 2698 1133 2743 me
1155 2699 1235 2746 non
1290 2663 1291 2724 I

266 2768 397 2851 possim.
441 2767 614 2852 Reliquum
637 2770 686 2832 est
707 2765 820 2852 igitur,
846 2769 884 2831 ut
909 2766 970 2832 tibi
997 2788 1048 2832 me
1075 2766 1111 2831 in
1133 2770 1237 2836 omni
1290 2767 1291 2844 I

266 2875 301 2920 re
324 2877 397 2921 eum
419 2857 591 2940 praebeam
617 2859 840 2940 praestemque
868 2858 901 2920 et
927 2855 1114 2940 adomnia,
1140 2877 1235 2940 quac
1290 2863 1291 2930 i

265 2944 315 3008 tui
337 2943 448 3029 velint,
469 2945 516 3010 ita
538 2945 599 3010 sim
616 2947 755 3029 praesto,
778 2948 815 3008 ut
831 2965 882 3008 me
900 2963 969 3011 non
989 2944 1094 3010 solum
1113 2946 1236 3012 omnia
1290 2937 1291 3020 Ϊ

266 3032 382 3099 debere
404 3035 462 3099 tua
484 3055 590 3118 causa,
612 3053 693 3117 quae
711 3032 841 3118 possim,
864 3032 920 3099 sed
938 3033 1037 3098 etiam
1054 3053 1136 3117 quae
1155 3053 1238 3100 non
1290 3031 1291 3110 f

230 3122 401 3206 apossim,
430 3126 549 3206 putem.
597 3121 683 3187 Illud
709 3123 819 3186 tamen
847 3122 899 3188 vel
925 3124 963 3186 tu
985 3143 1036 3186 me
1058 3121 1236 3190 monuisse
1290 3121 1291 3194 ι

266 3211 317 3276 vel
340 3211 502 3276 censuisse
522 3214 604 3296 puta
625 3211 677 3277 vel
689 3209 1094 3297 propter'benevolentiam
1115 3212 1238 3279 tacere
1290 3205 1291 3288 ι

337 3436 389 3507 Ep
409 3443 434 3506 7,
450 3441 473 3492 o.
504 3442 581 3521 potes
599 3437 719 3507 αιιιὶριιι
738 3436 864 3505 (V-
782 3438 864 3508 )?-
882 3436 906 3492 ιἰ·
923 3440 1021 3502 uuum,
1039 3434 1089 3507 qus·
1107 3433 1241 3507 (Grata)

267 3507 445 3575 turbemus,
463 3509 557 3576 praua
575 3507 650 3578 (W).
699 3507 834 3562 hebenus
872 3506 921 3564 Gr
939 3507 1088 3577 vulgo·
1054 3507 1241 3568 -ccrm'lio
1290 3503 1291 3582 ξ

266 3590 300 3630 oc
317 3578 408 3632 studio
427 3548 494 3647 (W.)
483 3580 562 3647 )aut
580 3594 603 3634 c
621 3583 647 3634 ct
663 3582 696 3634 st·
717 3577 863 3649 (Kayser)?
