2586 3982
266 249 309 313 68
549 249 585 302 u.
605 245 729 304 ructu
747 247 938 306 crcnaours

207 454 209 460 .
266 416 361 460 nosse
388 395 507 479 locum,
539 416 635 478 quem
662 394 747 479 apud
778 398 812 460 te
838 395 866 460 is
893 398 1030 481 teneret,
1064 418 1161 480 quam
1189 398 1224 462 in
1290 433 1291 466 1

266 487 391 568 partem
422 483 606 567 provinciae
634 483 772 547 maxime
799 487 929 567 putaret
955 488 988 548 te
1015 485 1097 550 velle
1123 488 1161 550 ut
1188 486 1224 550 in
1290 479 1291 554 ἶ

268 571 466 636 succedendo
480 571 619 655 primum
633 572 788 655 venirem,
812 594 911 656 quum
929 572 983 636 ille
997 573 1077 636 mihi
1090 595 1224 658 respon·

266 660 366 725 disset
396 660 478 724 nihil
500 681 551 723 me
578 659 637 722 tibi
661 660 784 744 gratius
811 661 916 724 faeere
943 683 1052 745 posse,
1074 683 1173 746 quam
1196 664 1248 728 si·
1290 657 1291 736 i

267 749 308 814 ad
328 747 437 814 Sidam
455 748 668 833 navigassem,
691 749 750 811 etsi
768 749 875 814 minus
894 749 1062 834 dignitatis
1080 749 1225 815 habebat
1290 773 1291 832 3

266 838 320 901 ille
352 837 509 901 adventus
541 838 574 899 et
605 835 646 900 ad
677 837 795 900 multas
826 858 878 901 res
909 837 989 900 mihi
1015 838 1123 903 minus
1152 845 1225 905 erat
1290 837 1291 888 ἓ

231 937 248 986 a
268 930 372 1010 aptus,
393 929 504 989 tamen
526 925 572 988 ita
594 945 645 988 me
665 924 730 987 dixi
748 945 817 989 esse
835 925 1006 990 facturum.
1041 926 1132 992 Idem
1151 949 1225 1014 eg0,
1290 925 1291 996 ἶ

268 1037 366 1098 quum
389 1013 425 1078 L.
448 1011 596 1078 Clodium
619 1009 775 1096 Corcyrae
798 1015 1034 1098 convenissem,
1056 1014 1225 1081 hominem

266 1103 313 1167 ita
335 1102 395 1167 tibi
418 1101 634 1185 coniunctum,
656 1106 694 1165 ut
715 1101 805 1187 mihi,
828 1123 901 1166 cum
918 1103 975 1168 illo
995 1123 1094 1187 quum
1112 1104 1224 1188 loque·
1290 1133 1291 1186 3

266 1213 327 1275 rer,
348 1195 456 1256 tecum
482 1191 571 1274 loqui
593 1189 731 1274 viderer,
758 1190 824 1254 dixi
851 1191 881 1255 ei
908 1213 960 1255 me
986 1191 1033 1255 ita
1059 1191 1224 1258 facturum

267 1301 345 1363 csse,
366 1282 405 1344 ut
421 1280 457 1342 in
476 1282 699 1362 campartem,
721 1301 818 1362 quam
835 1277 962 1343 Phania
979 1284 1134 1365 rogasset,
1157 1284 1223 1366 pri-

266 1390 356 1432 mum
377 1368 532 1450 venirem3
554 1371 632 1431 tuuc
650 1367 713 1449 ille,
735 1368 815 1431 mihi
835 1391 933 1452 quum
953 1370 1074 1453 gratias
1093 1370 1224 1457 egisset,

241 1485 244 1492 Δ
266 1476 386 1541 magno
410 1477 504 1540 opere
528 1477 548 1518 a
569 1476 620 1519 me
642 1455 770 1540 petivit,
797 1459 835 1520 ut
857 1455 1049 1522 Laodiceam
1071 1458 1224 1543 protinus
1290 1463 1291 1528 ³

265 1545 359 1627 irem3
391 1547 423 1609 te
450 1545 486 1608 in
511 1543 616 1628 prima
642 1543 807 1627 provincia
838 1545 919 1610 velle
946 1567 1028 1631 esse,
1059 1549 1097 1610 ut
1123 1569 1225 1632 quam

265 1634 405 1717 primum
428 1632 608 1716 decederes3
638 1633 729 1718 quin,
751 1633 815 1697 nisi
838 1655 899 1719 ego
922 1656 1085 1700 successor
1108 1657 1225 1723 essem,
1290 1627 1291 1692 l

266 1743 362 1805 quem
383 1725 421 1787 tu
447 1742 580 1806 cuperes
602 1720 722 1806 videre,
749 1724 782 1786 te
810 1724 920 1804 antea,
947 1744 1044 1807 quam
1066 1724 1127 1788 tibi
1151 1747 1224 1790 suc·

222 1859 223 1862 η
267 1831 392 1875 cessum
418 1813 516 1894 esset,
547 1809 751 1874 decessurum
781 1809 880 1875 tuisse
907 1847 950 1858 -—
978 1812 1064 1896 quod
1091 1813 1225 1896 quidem
1290 1835 1291 1888 l

266 1903 336 1963 erat
362 1901 614 1964 consentaneum
641 1919 714 1962 cum
740 1898 780 1963 iis
802 1898 932 1983 litteris,
960 1922 1039 1985 quas
1066 1921 1127 1986 ego
1156 1901 1224 1967 Ro·
1290 1897 1291 1964 l

266 2009 338 2052 mae
356 2009 551 2072 acceperam,
574 2008 612 2050 ex
631 1986 746 2070 quibus
763 1989 962 2072 perspexisse
979 1989 1061 2053 mihi
1078 1990 1225 2076 ¹videbar,

267 2097 363 2160 quam
389 2077 559 2142 festinares
586 2074 737 2140 decedere
760 2100 816 2161 -3
847 2076 998 2160 respondi
1025 2074 1138 2144 Clodio
1168 2101 1225 2145 me
1290 2099 1291 2160 ἦ

264 2166 313 2230 ita
334 2188 403 2230 esse
424 2167 586 2230 facturum
609 2185 646 2229 ac
668 2165 770 2230 multo
790 2165 919 2249 quidem
936 2165 1099 2250 libentius,
1122 2189 1225 2250 quam

265 2255 294 2318 si
314 2255 395 2319 illud
417 2258 502 2319 esset
518 2253 710 2338 faciendum,
732 2254 818 2337 quod
835 2254 1044 2338 promiseram
1061 2254 1225 2322 Phaniae:
1290 2261 1291 2300 l

264 2343 373 2426 itaque
405 2345 439 2406 et
464 2342 633 2407 consilium
664 2343 787 2406 mutari
818 2345 851 2407 et
878 2342 919 2407 ad
945 2345 978 2406 te
1011 2344 1120 2408 statim
1147 2367 1226 2410 mea
1290 2363 1291 2410 l

264 2451 365 2494 manu
392 2430 527 2514 scriptas
553 2430 677 2494 litteras
704 2431 790 2516 misi,
821 2452 900 2516 quas
928 2431 1057 2515 quidem
1088 2454 1126 2496 ex
1154 2435 1226 2499 tuis
1290 2453 1291 2506 l

264 2518 377 2584 litteris
404 2519 547 2583 intellexi
575 2519 653 2583 satis
679 2523 804 2584 mature
836 2519 877 2583 ad
907 2522 940 2583 te
968 2541 1038 2585 esse
1068 2521 1226 2605 perlatas.
1290 2519 1291 2562 ³

229 2617 246 2666 a
264 2604 337 2672 Hoc
356 2629 416 2693 ego
434 2629 506 2672 meo
524 2607 611 2672 facto
631 2607 722 2672 valde
741 2607 890 2691 delector,
907 2606 989 2672 nihil
1007 2609 1094 2672 enirn
1111 2612 1228 2693 potuit
1290 2665 1291 2690 ,

264 2695 333 2760 fieri
357 2697 531 2780 amantius;
554 2696 720 2761 considera
742 2717 829 2761 nunc
851 2697 992 2761 vicissim
1013 2700 1117 2762 tuum:
1150 2719 1226 2764 non
1290 2693 1291 2766 l

264 2784 360 2849 modo
383 2784 429 2849 ibi
451 2806 519 2850 non
540 2785 644 2869 fuisti,
673 2785 729 2849 ubi
751 2806 802 2848 me
831 2806 927 2874 quam
949 2785 1089 2868 primurn
1111 2786 1226 2853 videre

263 2894 388 2958 possea,
416 2873 533 2938 sedeo
560 2873 747 2956 discessisti,
771 2891 834 2956 quo
858 2893 918 2958 ego
941 2877 974 2936 te
1001 2895 1042 2937 ne
1069 2878 1227 2960 persequi

264 2961 392 3044 quidem
418 2983 546 3046 possem
573 2963 710 3047 triginta
737 2960 862 3045 diebus,
890 2961 945 3046 qui
970 2960 1031 3025 tibi
1059 2961 1100 3026 ad
1129 2962 1227 3028 dece·
1290 2973 1291 3028 ἶ

264 3049 404 3115 dandum
426 3051 506 3136 lege,
528 3053 566 3115 ut
589 3051 717 3134 opinor,
740 3046 889 3114 Cornelia
912 3050 1080 3115 constituti
1103 3057 1228 3136 essent,
1290 3063 1291 3132 ἴ

263 3143 301 3204 ut
317 3143 410 3204 tuum
428 3139 551 3204 factum
568 3140 619 3216 iia,
638 3139 702 3222 qui,
720 3160 783 3221 quo
802 3137 910 3203 animo
928 3139 1090 3204 internos
1110 3140 1230 3227 simuS,

263 3229 431 3313 ignorant,
462 3227 559 3292 alieni
589 3226 745 3310 hominiS,
776 3229 815 3290 ut
845 3227 1004 3291 levissime
1036 3227 1154 3312 dicam,
1188 3235 1230 3294 et

334 3385 386 3454 Ep.
406 3392 430 3453 6,
445 3391 469 3438 2.
506 3384 813 3452 tamille,mr‘ti(W.)?
831 3415 866 3424 -
885 3385 1017 3450 fuisse-
1031 3384 1104 3454 quod
1119 3385 1229 3440 ...de-

263 3456 353 3510 cedere
369 3477 420 3521 —,·
443 3472 512 3524 resp.
537 3456 611 3524 (W.).
655 3455 692 3521 fi:
714 3455 787 3524 quod
806 3497 812 3509 .
828 3497 833 3509 .
850 3495 856 3508 .
875 3455 1004 3537 decadae.
1031 3471 1099 3524 resp.
1123 3455 1229 3538 vulpe.
1290 3463 1291 3484 ³

263 3528 454 3664 &arpprpmapt
473 3526 537 3596 (V.).
580 3528 707 3596 iquorem
724 3525 791 3579 ΜΒ.
835 3525 964 3580 lacrumo
983 3525 1049 3594 (n).
1086 3526 1231 3584 lenusrme
1290 3573 1291 3614 3
