2578 3978
357 171 617 229 EPISTOLARUM
635 175 669 229 II.
690 181 714 230 6.
735 182 759 230 7.
994 175 1037 238 41

522 389 597 456 VII.

104 505 146 560 der.
155 506 284 564 monstris
294 509 333 564 nd
340 509 538 565 Pindenissum
549 527 573 566 a.
581 511 608 566 d.
618 509 678 565 XII.
686 509 749 566 Kal.
759 511 869 564 Ianuar.
878 527 903 566 u.
911 530 939 566 u.
947 529 970 566 c.
979 519 1038 568 703.

185 650 220 704 M.
238 650 372 707 CICERO
391 651 465 706 IMP.
485 651 512 708 S.
530 651 564 708 D.
583 650 612 707 O.
631 649 782 706 CURIONI
800 650 857 706 ΤΒ.
876 651 930 706 PL.

152 756 223 824 Sera
244 761 424 846 gratulatio
442 760 633 845 reprehendi
650 782 719 826 non
737 761 827 846 solet,
849 733 1039 846 praesertim
1059 785 1072 832 1

102 846 218 912 sinulla
239 849 444 934 negligentia
466 850 694 935 praetermissa
712 852 762 914 est
774 885 817 898 -
831 852 929 937 longe
952 852 1039 917 enim

101 933 205 1021 absum,
227 938 327 1004 audio
352 959 422 1004 sero
446 962 503 1022 -ς
530 938 585 1004 sed
612 939 674 1002 tibi
696 941 729 1002 et
754 940 902 1024 gratulor
929 943 974 1026 et,
1001 943 1039 1005 ut

100 1025 291 1109 sempiternae
321 1027 410 1092 laudi
436 1026 498 1092 tibi
525 1027 568 1092 sit
598 1026 659 1092 iste
690 1027 890 1111 tribunatus,
920 1032 1038 1113 exopto

100 1113 175 1196 leque
194 1114 325 1200 hortor,
346 1119 385 1180 ut
407 1116 517 1181 omnia
539 1116 699 1201 gubernes
722 1118 756 1179 et
776 1116 941 1180 moderere
963 1139 1039 1200 pru·

101 1199 189 1266 dentis
208 1207 280 1288 tua,
303 1226 347 1269 ne
369 1208 402 1268 te
426 1206 576 1270 auferant
603 1205 740 1270 aliorum
766 1203 914 1271 consilia:
941 1225 1038 1271 nemo

100 1292 144 1374 est,
163 1292 215 1377 qui
234 1292 299 1358 tibi
317 1293 496 1379 sapientius
515 1293 648 1360 suadere
667 1292 771 1378 possit
788 1296 821 1358 te
838 1293 924 1377 ipso,
946 1316 1038 1359 num·

100 1396 178 1459 quam
196 1381 317 1466 labere,
340 1382 369 1446 si
389 1384 423 1447 te
446 1381 565 1447 audies.
600 1379 679 1448 Non
701 1381 806 1446 scribo
824 1381 887 1448 hoc
904 1385 1038 1449 temere:

100 1465 140 1529 cui
162 1470 311 1555 scribam,
339 1469 446 1554 rideo,
477 1470 555 1536 novi
582 1471 739 1554 animum,
764 1471 842 1536 nori
868 1472 1039 1537 consilium

100 1557 186 1642 uum,
209 1580 279 1625 non
301 1581 429 1643 vereor,
455 1579 497 1623 ne
520 1558 597 1644 quid
618 1558 745 1643 timide,
772 1580 813 1624 ne
841 1559 918 1644 quid
941 1560 1038 1626 stulte

99 1640 190 1729 lacn,
210 1647 238 1712 si
261 1669 302 1713 ea
325 1647 488 1732 defendes,
510 1667 593 1732 quac
614 1647 685 1732 ipse
706 1651 795 1712 recta
817 1669 887 1712 esse
910 1648 1038 1714 senties.

101 1726 175 1805 Quod
194 1737 229 1800 in
249 1737 300 1802 rei
323 1736 472 1821 publicae
493 1739 622 1820 tempus
639 1757 708 1802 non
725 1735 885 1820 incideris,
908 1736 964 1802 sed
986 1759 1037 1802 ve
1057 1755 1074 1804 n

100 1821 169 1886 neris
188 1859 229 1870 -
251 1825 374 1890 indicio
397 1825 484 1889 enim
505 1827 578 1908 tud,
599 1837 669 1891 non
690 1846 767 1890 casu
788 1824 825 1888 in
846 1824 953 1909 ipsum
975 1826 1038 1890 dis·

101 1908 200 1976 crimen
219 1935 332 1979 rerum
354 1913 521 1978 contulisti
541 1914 744 1978 tribunatum
764 1915 859 1978 tuum
881 1949 938 1998 —-,
964 1936 1038 1999 pro·

100 1995 167 2064 fectu
187 2002 293 2086 vides,
315 2006 438 2086 quanta
459 2002 508 2067 ris
530 2002 618 2067 inre
636 2002 767 2086 publiea
783 2005 967 2085 temporum
987 2003 1039 2086 sit,

102 2091 202 2168 quanta
219 2091 367 2156 varietus
390 2111 511 2174 rerum,
538 2111 637 2174 quam
657 2089 774 2155 incerti
796 2089 914 2174 eritne,
941 2111 1039 2174 quam

101 2171 233 2244 flexibiles
250 2180 424 2246 hominum
436 2179 630 2261 voluntates,
649 2177 726 2263 quid
744 2176 943 2262 insidiarum,
961 2178 1039 2263 quid

100 2264 231 2334 varinus
258 2269 298 2334 in
323 2267 405 2354 vita,
435 2287 503 2333 non
530 2267 642 2334 dubito
675 2267 755 2352 quin
782 2267 913 2354 cogites.
967 2263 1040 2353 Sed,

101 2353 196 2421 mato
225 2360 276 2442 te,
307 2378 385 2422 cura
415 2359 449 2421 et
481 2357 602 2442 cogita,
637 2355 720 2421 nihil
750 2356 841 2440 novi,
871 2355 928 2421 sed
957 2355 1039 2420 illud

101 2437 176 2528 iden,
197 2445 287 2530 quod
307 2445 403 2510 initio
426 2441 553 2530 scripsi:
575 2448 683 2510 tecum
704 2445 845 2528 loquere,
865 2448 899 2509 te
922 2444 1039 2509 adhibe

101 2526 314 2619 inconcilium,
330 2536 364 2599 te
383 2533 467 2618 audi,
488 2533 549 2598 tibi
567 2534 766 2618 obtempera:
790 2533 882 2598 alteri
900 2533 956 2617 qui
975 2553 1039 2598 me·

101 2613 150 2682 lius
170 2622 340 2688 consilium
363 2621 438 2686 dare
460 2622 565 2707 possit
591 2644 688 2707 quum
710 2623 762 2707 tu,
783 2643 853 2686 non
874 2620 968 2686 facile
990 2621 1039 2686 in-
1065 2639 1070 2651 ·

103 2707 186 2774 veniri
206 2713 330 2796 potest3
351 2709 412 2774 tibi
433 2731 509 2775 vero
532 2711 595 2796 ipsi
617 2713 703 2776 certe
724 2731 820 2776 nemo
847 2709 962 2774 melius
985 2710 1039 2776 da-

102 2789 146 2858 bit
176 2796 218 2864 Di
229 2800 442 2864 immortales!
466 2820 523 2864 cur
536 2820 598 2885 ego
613 2819 678 2864 nou
691 2819 799 2864 essum
813 2799 864 2863 vel
878 2802 1041 2883 spectator

102 2878 214 2952 lendum
229 2892 363 2954 tuarum
380 2888 431 2953 vel
448 2887 611 2972 particeps
628 2887 680 2953 vel
699 2887 805 2953 socius
822 2887 873 2962 rel
893 2887 1041 2954 minister

103 2974 313 3042 consiliorum?
344 2977 475 3042 tametsi
500 2975 563 3041 hoc
594 2976 726 3041 minime
757 2975 819 3041 tibi
850 2975 953 3060 deest3
984 2975 1041 3040 sed

103 3058 194 3128 lemen
215 3065 358 3130 efficeret
379 3064 570 3150 magnitudo
599 3067 632 3129 et
654 3065 702 3129 vis
725 3063 843 3129 amoris
866 3065 942 3148 mei,
965 3085 1040 3128 ccu-

104 3145 161 3214 silio
184 3155 215 3218 te
242 3156 281 3218 ut
310 3174 439 3239 possem
465 3153 584 3218 iuvare.
634 3150 778 3218 Scribam
810 3151 851 3216 ad
882 3156 915 3216 te
946 3151 1067 3234 pluras

160 3376 207 3449 sp.
232 3387 255 3436 r.
297 3381 393 3436 rur.
420 3381 494 3450 (π).
546 3377 704 3436 rnocos.
727 3379 779 3444 n,
802 3375 895 3445 vulgo.
921 3401 954 3414 -
980 3373 1040 3430 ru.

106 3440 159 3514 ill.
194 3449 300 3506 TRIB.
319 3452 415 3524 vulgo.
452 3457 476 3505 1.
495 3455 581 3506 est-
595 3451 673 3521 leuce
752 3461 811 3502 sero
830 3466 876 3512 -;
899 3445 946 3500 ced
964 3445 1040 3514 (W.).

106 3519 147 3581 Μ).
162 3518 177 3572 l·
196 3562 235 3580 Νι
254 3537 321 3579 wo·
357 3522 411 3578 Sed
428 3521 522 3594 vulgo·
