2578 3982
222 214 288 278 614
504 213 541 268 Μ.
560 212 683 269 TULLII
701 211 893 268 CICERONIS

570 425 658 493 mv.
692 423 766 513 [xv
780 424 823 513 u]

222 532 279 590 su.
298 531 403 587 Romae
421 546 516 588 mense
535 529 671 596 Quinctili
694 529 752 597 (Vl.
770 529 832 584 Kal.
852 528 927 586 Sext.
934 531 959 600 t)
984 544 1012 586 a.
1031 547 1059 584 u.
1080 545 1107 584 c.
1128 533 1190 584 ⁵100.

326 635 493 693 MARCUS
511 633 667 706 QUINTO
684 633 847 690 FRATRI
863 633 1078 691 SALUTEM.

195 746 209 790 s
288 726 420 794 Oulamo
451 729 538 794 bono
570 729 604 792 et
625 728 806 792 atramento
836 729 1036 811 temperato,
1070 725 1191 794 chorte

222 818 320 883 etiem
351 817 497 899 dentata,
528 835 579 880 res
611 817 739 900 agetur3
770 814 883 880 scribis
915 815 1002 880 cuim
1029 817 1066 880 te
1096 837 1190 882 meas

224 907 347 971 litteras
370 905 548 990 superiores
571 903 625 968 vix
646 903 753 988 legere
775 903 928 988 potuisse,
949 903 986 967 in
1008 924 1078 988 quo
1104 904 1192 969 nihi]

222 1015 342 1077 eorum,
364 994 409 1059 mi
431 993 541 1076 frater,
561 990 634 1076 fuit,
656 1011 737 1075 quae
755 994 867 1076 putus3
889 1011 992 1074 nequo
1015 991 1111 1056 enim
1136 1015 1190 1058 oc·

223 1085 358 1167 cupetus
382 1103 470 1147 eram
491 1079 829 1164 nequeperturbatus
856 1100 916 1144 nec
943 1079 1045 1144 iratus
1077 1080 1190 1165 alicui,

223 1172 279 1236 sed
301 1171 364 1236 hoc
393 1170 478 1236 isoio
507 1188 645 1254 semper,
676 1171 726 1252 ut,
757 1168 938 1252 quicunque
969 1168 1121 1235 celamus
1154 1171 1190 1236 in

223 1280 337 1325 manus
361 1277 448 1324 meas
470 1257 607 1341 venerit,
639 1277 677 1322 eo
705 1256 751 1321 sic
773 1259 859 1341 utar,
885 1259 1052 1340 umquam
1087 1257 1190 1325 bonu.

198 1347 346 1414 chrum
370 1346 501 1414 attende
524 1366 619 1429 nunc,
642 1345 687 1410 mi
710 1344 830 1430 optime
853 1347 886 1410 et
903 1344 1097 1411 suavissime
1122 1347 1189 1412 tra-

222 1440 286 1519 ter,
313 1435 355 1501 ud
382 1455 421 1500 eo
452 1434 528 1500 dum
554 1432 708 1517 rescribe,
740 1454 822 1517 quac
852 1436 890 1499 tu
920 1433 956 1498 in
981 1433 1045 1498 huc
1070 1435 1190 1500 eadem

223 1524 313 1624 brevi
331 1523 467 1607 epistola
484 1521 717 1624 πραγματικῶς
734 1521 826 1587 vuldo
845 1521 1009 1624 scripsisti.
1033 1521 1102 1624 'De
1123 1545 1188 1608 quo

223 1614 307 1765 {iiiii
328 1609 1189 1784 iiiiiagdtrilgrlrlrilslfigeirerrilrlrlemflssitclrlrlrglriuehigsffrliiraaffi:

223 1789 257 1854 id
280 1791 337 1874 est,
359 1790 468 1854 utrum
486 1787 609 1868 †voles
631 1790 669 1851 ut
689 1787 862 1852 dixerimus
884 1786 925 1852 ud
946 1787 1188 1871 expediendum

223 1881 266 1961 te,
288 1879 316 1943 si
339 1898 435 1943 causo
458 1875 515 1960 sit,
542 1895 746 1942 commorere.
791 1873 839 1959 Si,
860 1875 906 1940 mi
928 1873 1057 1961 Quinte,
1080 1899 1188 1961 parva

224 1965 332 2051 aliqua
359 1986 410 2030 res
438 1967 535 2047 esset,
560 1964 596 2028 in
623 1984 687 2046 que
714 1963 923 2048 sciscitarere,
950 1964 1027 2050 quid
1055 1966 1188 2050 vellem,

223 2056 347 2139 tumen,
379 2075 478 2138 quum
504 2052 565 2117 tibi
592 2051 805 2136 permissurus
837 2071 952 2136 essem,
983 2055 1020 2116 ut
1047 2052 1188 2138 faceres,

224 2142 310 2226 quod
333 2142 444 2226 velles,
468 2161 542 2226 ego,
564 2139 634 2225 ipse
657 2140 733 2224 quid
756 2139 884 2225 vellem,
907 2140 1128 2227 ostenderem3
1151 2143 1188 2208 iu

223 2229 286 2296 hac
307 2251 383 2296 rcro
406 2252 440 2294 re
462 2229 524 2294 hoc
546 2227 692 2312 profecto
716 2228 855 2313 quaeris,
881 2229 1061 2295 cuiusmodi
1089 2231 1187 2296 illum

224 2339 359 2402 annum,
390 2319 445 2404 qui
472 2317 628 2402 sequitur,
655 2319 848 2401 exspectem:
881 2320 937 2381 aut
968 2318 1065 2402 plane
1092 2323 1186 2384 tron-

225 2407 360 2490 quillum
382 2406 476 2471 nobis
504 2407 561 2470 aut
583 2407 668 2470 certo
695 2403 960 2490 munitissimum,
986 2406 1074 2490 quod
1104 2431 1185 2492 quo·
1215 2449 1217 2456 ·

223 2493 302 2557 tidie
325 2494 448 2575 domus,
470 2491 556 2575 quod
578 2493 698 2578 forum,
721 2493 807 2577 quod
828 2492 949 2559 theatri
972 2493 1186 2580 significatio-

224 2601 282 2647 nes
300 2579 478 2663 declcrant3
500 2599 559 2644 nec
572 2580 594 2658 †
607 2580 758 2645 laborant
789 2580 875 2665 quod
893 2603 965 2648 mea
983 2582 1187 2650 confidentia

224 2669 389 2755 copiarum
411 2671 608 2734 nostrarum:
636 2669 722 2752 quod
744 2631 903 2754 (flameris,
926 2670 1012 2753 quod
1033 2669 1186 2756 Pompeii

224 2759 363 2844 gratiam
389 2760 550 2842 tenemus,
580 2756 661 2822 huec
688 2777 752 2842 mc,
779 2760 817 2824 ut
843 2757 1015 2844 confidem,
1040 2757 1186 2843 faciunt3

294 2915 346 2984 Ep.
366 2919 408 2983 14,
424 2919 448 2970 1.
485 2913 598 2972 Uolucre
615 2915 685 2970 borso
702 2919 727 2970 ct
744 2919 796 3001 atr.
823 2915 899 2986 (Ἦ),
945 2915 973 2972 O.
993 2920 1019 2973 ct
1035 2933 1062 2972 a.
1085 2917 1186 2986 Mul„

222 2983 330 3122 {tt
349 2989 381 3108 t
398 2985 839 3113 reuersurum
856 2985 1187 3125 secretu

224 3124 311 3193 odet,
329 3129 361 3178 ut
378 3123 490 3180 dicerer
517 3125 586 3194 (W.;
606 3141 641 3180 cn
668 3128 702 3182 ut
720 3126 793 3198 Scir.²
813 3125 949 3198 dicem)
972 3143 1011 3184 uu
1028 3127 1067 3184 ac
1084 3128 1185 3197 (Mum,

224 3193 298 3262 Sch.)
318 3210 380 3264 exp.
398 3225 434 3236 -
452 3200 502 3252 aut
517 3196 601 3264 plcre
619 3168 694 3266 (W).
726 3198 768 3267 pl.
787 3202 837 3253 aut
854 3196 947 3267 Mur,
965 3197 1060 3270 vulgo.
1078 3227 1118 3240 -
1136 3216 1188 3255 πω

222 3264 388 3332 'eleborum
405 3267 478 3336 quod
494 3281 553 3322 mee
571 3267 737 3335 confidentia
753 3284 775 3323 c.
798 3271 968 3324 metrorum.-
992 3269 1065 3340 quod
1150 3276 1186 3326 tc

223 3349 325 3402 nemus,
343 3335 408 3429 hoec
427 3336 503 3406 (W).
539 3353 588 3392 uec
605 3342 643 3392 est
660 3337 713 3393 ribi
730 3338 911 3395 laborandum
931 3339 987 3422 (rel
1004 3355 1053 3394 mc
1072 3340 1128 3396 tciri
1140 3342 1186 3424 ta·

223 3403 645 3546 restruere
660 3407 1186 3550 succurreretur

224 3545 284 3614 arc)
303 3558 325 3601 c.
343 3560 383 3613 ru,
401 3545 474 3614 quod
554 3549 679 3602 terremus.
708 3547 786 3605 Haec
802 3549 834 3604 B.
