2658 3986
399 189 659 248 EPISTOLARUM
677 190 752 246 VIII.
772 198 797 248 8.
1014 191 1078 256 241

118 360 144 404 s.
163 358 189 402 e.
212 338 496 421 intercesserit,
519 338 672 402 senatui
694 338 847 422 plaeere
868 336 1080 403 auctorita·

118 431 198 490 tem
220 425 410 510 perscrrbr
432 425 537 490 etde
561 447 603 490 ea
625 448 664 490 re
687 425 733 490 ad
760 429 936 491 senatum
962 448 1080 512 popu-

118 517 274 600 lumque
297 513 444 579 referri.
480 513 620 579 Huics.
638 535 664 580 c.
686 514 915 581 intercessit
937 512 972 580 G.
990 512 1081 580 Gee-

118 603 212 688 lius,
247 609 282 668 1..
319 603 511 688 Vinicius,
547 602 581 668 P.
618 601 835 689 Cornelius,
871 601 907 669 Ο.
942 603 1082 670 Vibius

119 692 262 776 Pansa,
285 692 429 757 tribunt
445 692 495 775 pt.

188 779 287 846 item
310 782 462 846 senatui
484 782 638 866 placere
661 780 704 846 de
728 781 933 867 militibus,
957 780 1021 867 qui
1043 781 1117 846 int

122 870 296 936 exercitu
319 867 353 934 O.
373 867 550 936 ans'aris
573 871 675 955 sunt,
699 870 762 955 qui
785 891 914 936 eorum
937 871 1083 956 stipen-

122 958 383 1024 dia-emerite
420 961 485 1023 aut
521 980 670 1043 causas,
706 959 844 1042 quibus
880 958 924 1023 de
956 960 1083 1025 causis

122 1047 234 1113 misai
256 1047 346 1111 fieri
370 1047 548 1132 debeant,
575 1046 757 1132 habeant,
787 1046 832 1111 ed
859 1047 960 1112 hunc
982 1047 1084 1112 ordi·

122 1157 210 1201 nem
237 1136 392 1220 referri,
417 1140 460 1201 ut
487 1157 616 1202 eorum
642 1135 744 1203 ratio
775 1135 977 1201 habeatur
998 1157 1084 1202 eau-

124 1246 265 1309 eaeque
289 1227 588 1311 cognoscantur3
611 1224 745 1308 siquis
768 1214 900 1290 huics
920 1245 947 1289 e.
964 1225 1084 1291 inter-

125 1312 323 1397 cessisset,
353 1315 508 1378 senatui
530 1314 683 1399 placere
706 1313 981 1378 auctoritatem
1002 1336 1085 1400 per-

126 1402 309 1468 acribIt
272 1405 309 1467 et
336 1402 379 1467 de
407 1425 450 1466 ea
471 1424 510 1467 re
538 1401 583 1466 ad
610 1402 710 1468 hunc
738 1402 911 1468 ordinem
937 1402 1085 1467 referri.

124 1490 224 1556 Huic
256 1513 280 1556 s.
303 1513 329 1556 e.
360 1487 588 1578 intercessit
618 1489 652 1556 Ο.
681 1489 850 1576 Caelius,
882 1489 916 1556 O.
948 1490 1086 1576 Panse,

125 1580 278 1644 tribuni
300 1581 347 1664 pl.

192 1667 366 1772 Itemque
389 1670 543 1734 senatui
565 1668 750 1754 placere
740 1690 781 1732 m
799 1667 977 1735 Ciliciam
999 1691 1086 1754 pro·
1105 1684 1121 1734 8

127 1757 308 1842 vinciam,
339 1757 379 1822 in
407 1771 490 1818 vm
519 1758 691 1843 reliquas
722 1757 960 1844 provincias,
992 1780 1087 1843 quas

126 1846 318 1932 praetorii
335 1867 404 1930 pro
423 1850 602 1929 praetore
626 1842 900 1932 obtin[er]ent,
923 1867 1000 1931 eoo,
1023 1846 1089 1931 qui

127 1938 329 2037 praetores
351 1935 513 1999 fuerunt
540 1956 661 2020 neque
688 1934 728 1998 in
757 1934 981 2019 provincias
1005 1954 1089 1999 cum

127 2024 290 2127 impmerio
312 2024 479 2107 iverunt,
503 2045 597 2107 quos
620 2044 750 2088 eorum
769 2044 813 2087 ex
830 2045 855 2088 s.
874 2044 900 2088 o.
919 2044 1001 2088 cum
1019 2024 1088 2087 im·

127 2113 238 2197 perio
260 2113 302 2176 in
324 2111 549 2197 provincias
567 2133 634 2198 pro
656 2108 836 2214 praetore
855 2111 959 2177 mitti
978 2133 1089 2196 opor·

127 2203 246 2284 teret,
277 2221 339 2267 eos
372 2200 556 2267 sortito
546 2221 586 2266 rn
617 2200 840 2286 provincias
872 2200 977 2264 mitti
1008 2200 1090 2285 pla

129 2309 243 2392 cere3·
253 2289 284 2354 si
303 2311 345 2354 ex
364 2312 406 2355 eo
424 2311 596 2373 numero,
614 2311 709 2374 quos
727 2310 769 2354 err
787 2311 810 2354 s
830 2309 855 2354 o.
875 2289 916 2354 in
933 2290 1089 2375 provin-

129 2399 210 2444 eras
233 2399 289 2443 1re
312 2375 524 2464 oporteret
552 2380 816 2444 adnumerum
842 2399 920 2443 non
947 2381 1090 2463 essent,
1131 2455 1134 2464 ,

130 2467 258 2552 quiin
280 2487 344 2531 ees
367 2467 592 2551 provincias
614 2467 976 2554 proficiscerentur,
998 2471 1091 2552 tum,

68 2539 81 2564 ⁰
130 2555 187 2620 uti
220 2555 398 2641 quodque
430 2556 639 2642 collegium
673 2556 835 2640 primum
870 2560 1091 2640 praetorum
1172 2578 1178 2588 ·

130 2643 274 2709 fuisset
295 2665 417 2729 neque
439 2645 489 2709 in'
506 2645 728 2729 provincias
756 2644 924 2729 profecti
946 2649 1092 2728 essent,

130 2733 187 2796 ita
214 2735 320 2799 sorte
350 2734 390 2797 in
417 2733 640 2818 provincias
667 2733 1029 2818 proficiscerentur3
1060 2735 1092 2799 si

131 2821 159 2886 ii
191 2821 237 2886 ad
269 2843 466 2887 numerum
495 2844 572 2888 non
604 2825 748 2906 essent,
778 2825 870 2887 tunc
898 2821 1093 2907 deinceps,

131 2911 297 2994 proximi
316 2911 500 2996 cuiusque
519 2910 678 2996 collegii
696 2910 760 2995 qui
777 2913 977 2994 praetores
996 2911 1091 2976 fuis·

132 3001 221 3062 sent
255 3020 379 3082 neque
415 3000 455 3064 in
490 2999 714 3084 provincias
749 2999 919 3084 proiecti
951 3003 1093 3083 essent,

131 3086 172 3151 in
195 3091 342 3153 sortem
373 3089 674 3172 coniicerentur,
706 3088 829 3172 quoad
859 3089 891 3152 is
914 3108 1093 3153 numerus

132 3174 301 3240 effeetus
324 3179 441 3260 esset,
464 3198 572 3261 quem
595 3178 641 3242 ad
664 3197 860 3242 numerum
880 3177 920 3242 in
937 3175 1093 3262 provin·

204 3330 257 3402 Ep.
277 3339 345 3400 8,.8
383 3333 593 3418 ottiu[er]eat(
593 3333 674 3418 W.).
706 3333 751 3388 ott
740 3335 858 3389 ttuereot
875 3333 913 3387 M
919 3332 1040 3417 ‚yulgc
1059 3363 1093 3371 -

131 3402 165 3455 ia
178 3404 410 3470 praedonaret.
425 3405 625 3475 ioerwrtffl..)
662 3405 694 3458 ia
709 3405 922 3472 proviaeiame.
941 3404 961 3458 i
979 3403 1095 3470 fuerumt

131 3471 254 3526 Ma.-
271 3476 397 3541 tuaed„
416 3477 586 3544 proximie.
610 3475 716 3544 eollepie'
738 3477 787 3545 qui
810 3475 885 3542 (W.)
927 3479 946 3530 t
970 3474 1095 3542 deiuoepc

131 3559 177 3612 pr.
196 3559 270 3610 e..,e
289 3546 337 3615 qai
354 3516 503 3618 vu’lgoa-
522 3552 580 3602 teon
597 3547 723 3615 deinceps
739 3547 823 3615 (W.)?

189 3630 302 3674 ciceronis
316 3635 380 3683 epist.
394 3635 413 3676 1.
847 3640 879 3688 16
