2676 3984
265 239 330 304 316
548 237 585 292 M.
604 235 728 291 TULLII
746 233 936 290 CICERONIS

265 383 351 449 Illud
378 383 439 447 tibi
465 382 633 467 promitto,
660 378 814 464 quidquid
842 380 903 444 erit
930 379 1164 468 olefactum,
1192 382 1226 448 id

266 475 415 537 senatum
441 492 509 536 non
536 469 633 535 modo
660 471 698 532 ut
724 468 875 553 fideliter,
901 468 957 534 sed
984 469 1082 534 etiam
1109 473 1148 535 ut
1176 492 1226 536 sa-

265 562 392 647 pienter
413 561 536 645 factum
558 557 851 641 comprobaturum.

691 750 798 817 XVII.

266 866 323 922 Ser.
344 866 375 920 in
398 865 598 935 Allobrogibus
620 881 716 920 mense
738 863 813 920 Maio
837 865 913 936 (post
929 865 1006 935 Idus)
1028 882 1053 921 ι
1071 885 1099 921 u.
1118 883 1144 923 o.
1164 874 1215 924 ‘111

561 987 727 1044 PLANCUS
746 987 925 1043 CICERONI.

232 1105 247 1154 1
333 1090 497 1156 Antonius
520 1087 566 1155 Id.
589 1088 684 1155 Maiis
707 1088 748 1154 ad
770 1087 891 1155 Forum
913 1087 987 1153 Iulii
1014 1092 1225 1176 cumprimis

265 1177 1225 1352 {biletisIttltt,ItttsttbstfIster

265 1379 285 1420 a
298 1355 383 1422 Foro
398 1355 472 1420 Iulii
487 1358 640 1440 quattuor
658 1358 690 1419 et
708 1354 824 1440 viginti
842 1354 931 1419 milia
948 1374 1102 1440 passuum
1121 1357 1224 1445 abest,

264 1443 373 1528 ibique
394 1465 446 1508 me
465 1447 648 1528 exspectare
666 1444 843 1528 constituit,
865 1441 1135 1528 quemadmodum
1153 1446 1223 1531 ipse

264 1532 345 1596 mihi
367 1531 503 1616 scripsit.
548 1529 641 1608 Quod
664 1532 692 1595 si
714 1531 823 1597 omnia
845 1531 925 1596 mihi
946 1532 1075 1618 integra
1096 1538 1130 1599 et
1151 1534 1222 1620 ipse

265 1624 298 1685 et
319 1620 453 1685 fortuna
480 1621 628 1704 servarit,
654 1619 773 1703 recipio
800 1619 893 1685 vobis
920 1621 1065 1686 celeriter
1090 1643 1142 1687 me
1165 1645 1222 1690 ne·

229 1709 390 1795 rgotium
412 1730 451 1773 ex
478 1709 639 1774 sententia
666 1709 896 1774 confecturum.
939 1707 1086 1774 Fratrem
1113 1733 1222 1778 meum

265 1796 402 1863 assiduis
437 1797 602 1864 laboribus
638 1797 1000 1882 concursationibusque
1037 1798 1222 1866 confectum
1321 1851 1322 1854 η

264 1887 406 1973 graviter
429 1908 462 1952 se
485 1886 636 1952 habuisse
664 1889 760 1951 antea
782 1886 842 1950 tibi
865 1886 991 1970 scripsi3
1023 1887 1079 1953 sed
1101 1892 1221 1974 tamen,

264 1997 363 2060 quum
384 1975 525 2060 primum
543 1995 638 2060 posse
656 1974 782 2062 ingredi
806 1974 920 2059 coepit,
942 1996 1009 2041 non
1032 1977 1137 2062 magis
1158 1977 1221 2044 sibi

264 2086 361 2148 quam
396 2065 443 2128 rei
478 2065 625 2149 publicae
661 2086 696 2129 se
728 2064 928 2150 convaluisse
959 2065 1146 2130 existimans
1178 2067 1220 2131 ad

264 2152 373 2218 omnia
399 2153 542 2238 pericula
573 2154 722 2238 princeps
754 2174 824 2218 esse
854 2173 923 2217 non
949 2153 1131 2237 recusabat3
1163 2155 1220 2219 sed

264 2262 325 2327 ego
352 2262 427 2306 eum
453 2262 521 2308 non
548 2242 653 2307 solum
683 2241 832 2306 hortatus
863 2262 948 2325 sum,
979 2262 1090 2306 verum
1121 2243 1220 2308 etiam

263 2329 355 2414 coligi
376 2329 440 2395 isto
462 2329 635 2414 proficisci,
662 2329 748 2413 quod
771 2331 804 2394 et
825 2329 882 2394 illa
903 2330 1088 2395 valetudine
1113 2333 1220 2418 magis

263 2417 420 2483 conficere
447 2439 481 2482 se
509 2439 606 2501 quam
632 2417 948 2502 meiuvareposset
973 2419 1158 2504 incastris,
1186 2423 1221 2485 et

263 2505 349 2590 quod
373 2505 578 2570 acerbissimo
606 2505 739 2570 intoritu
766 2506 935 2572 consulum
961 2528 1029 2571 rem
1056 2508 1219 2591 publicam
1322 2525 1323 2536 ¹

262 2593 418 2658 nudatam
440 2593 499 2658 tali
512 2593 589 2674 ¹cive
611 2597 759 2678 praetore
781 2594 817 2659 in
839 2594 971 2659 urbanis
999 2595 1114 2660 officiis
1136 2596 1218 2662 indi-

263 2702 339 2766 gere
366 2681 602 2766 existimabam,
629 2682 715 2767 quod
743 2682 771 2748 si
799 2682 854 2767 qui
880 2686 1023 2748 vestrum
1050 2705 1118 2749 uon
1144 2707 1217 2769 pro-

262 2769 366 2854 babit,
392 2770 472 2836 mihi
499 2770 765 2856 prudentiamin
797 2771 932 2838 oonsilio
960 2771 1100 2837 defuisse
1129 2773 1218 2858 sciat,

226 2878 330 2927 cnon
351 2858 399 2923 illi
422 2879 500 2945 erga
520 2859 660 2944 patriam
682 2860 878 2924 fidebtamm.
914 2858 1054 2944 Lepidus
1076 2861 1218 2947 tandem,

263 2946 349 3030 quod
376 2967 438 3032 ego
470 2946 703 3032 desiderabam,
731 2948 822 3032 fecit,
853 2950 891 3013 ut
917 2947 1067 3033 Apellam
1098 2949 1139 3014 ad
1166 2971 1218 3015 me

262 3035 417 3120 mitteret,
444 3057 508 3120 quo
536 3036 646 3102 obside
669 3036 745 3102 fidei
772 3037 858 3101 illius
885 3039 919 3101 et
941 3036 1104 3102 societatis
1126 3038 1162 3102 in
1183 3059 1218 3102 re

262 3124 391 3208 publica
414 3123 669 3189 administranda
691 3127 806 3190 uterer.
851 3122 999 3189 Studium
1021 3125 1102 3190 mihi
1124 3149 1219 3192 suum

262 3211 299 3278 L.
321 3211 443 3277 Gellius
456 3213 478 3293 t
492 3213 531 3278 de
554 3213 658 3278 tribus
680 3211 834 3278 fratribus
856 3210 1036 3299 Segaviano
1059 3214 1218 3299 probarit,

333 3368 384 3438 Ep.
400 3374 481 3437 lm.
508 3367 632 3437 Lepidus
645 3368 754 3423 tandem
811 3368 874 3436 aa).
911 3368 945 3423 L.
963 3371 1054 3424 torrere
1066 3369 1218 3441 M.,vulgo.

262 3469 296 3480 ·—
315 3439 381 3507 fidei
396 3439 475 3494 itlius
493 3439 569 3508 (W.).
604 3438 658 3505 fide
675 3439 694 3492 ι’.
713 3438 760 3506 Μ.,
799 3468 859 3492 .-
878 3443 975 3493 uterer.
1013 3440 1053 3494 In
1070 3456 1103 3495 eo
1120 3445 1218 3495 redu·

261 3509 339 3564 ds'run
358 3508 427 3577 (Pal.
448 3511 502 3578 6.)?
522 3539 555 3549 -
575 3507 689 3574 Celtico,
706 3508 744 3562 D.
762 3509 793 3575 f,
813 3507 911 3579 [triba]
931 3508 1014 3576 Fau,
1031 3508 1148 3581 Sepooc‘o
1162 3511 1219 3581 (vel

262 3577 442 3649 Sebosianae)
454 3595 501 3649 pr.
520 3577 607 3649 (Orbi
