2676 3984
228 233 293 298 276
510 239 547 294 Μ.
567 239 692 296 TULLII
710 241 900 299 CICERONIS

226 381 465 467 taiuoundi013
487 404 572 469 nam,
594 387 681 470 quod
703 407 755 452 me
778 399 877 473 amas,
900 389 1037 474 quodid
1055 391 1185 455 etiam·

227 468 352 554 pridem
375 474 409 535 et
430 476 618 538 constanter
638 475 729 560 faois,
751 479 801 541 est
822 477 856 542 id
879 478 1008 562 quidem
1030 499 1186 565 magnum

220 561 325 643 abque
347 559 434 625 haud
466 562 532 626 saio
564 584 607 627 an
629 565 817 650 maximum,
849 566 905 632 sed
931 567 992 632 tibi
1015 589 1185 637 commune

218 675 299 722 aum
323 650 443 734 multis,
466 650 552 734 quod
574 654 611 715 tu
633 653 703 736 ipse
724 656 794 718 tam
816 655 973 722 amandus
997 679 1031 724 es
1053 661 1185 744 tamque

218 745 327 812 duleis
350 742 484 823 iamque
506 740 541 803 in
560 741 649 805 omni
668 763 784 828 genere
802 744 970 831 iucundus,
991 745 1026 811 id
1043 751 1094 812 est
1111 769 1184 832 pro·

184 845 205 892 n
223 835 293 919 p'rie
310 839 417 923 tuum3
441 828 600 900 aooedunt
616 851 685 896 non
703 829 814 918 Attioi,
832 835 887 900 sed
906 835 1064 921 salsiores,
1087 857 1184 921 quam

221 922 271 988 illi
293 923 490 1014 Atticorum,
513 915 656 1021 Romani
677 924 801 989 veteres
829 927 925 1010 atque
952 925 1070 990 urbani
1092 927 1184 1012 sales,

222 1032 284 1102 ugo
312 1017 421 1082 autem
442 1053 487 1065 -
510 1011 675 1082 existumas
702 1010 779 1077 lieet
805 1013 962 1097 quidlibet
985 1050 1027 1062 -
1050 1014 1183 1082 mirifice

223 1105 333 1190 oapior
346 1105 481 1191 moedis,
499 1107 637 1170 maxime
650 1101 862 1187 nostratibus,
879 1103 1070 1190 praesertim
1084 1124 1184 1188 quum

223 1215 278 1260 eas
304 1194 432 1260 rideam
462 1195 603 1280 primum
630 1192 749 1259 oblitas
777 1190 871 1279 Latio
901 1195 985 1278 tum,
1018 1214 1117 1277 quum
1148 1194 1184 1258 in

223 1283 337 1348 urbem
363 1285 511 1350 nostram
537 1285 588 1347 est
608 1283 718 1347 infusa
740 1282 967 1368 peregrinitas,
996 1301 1084 1346 nuno
1106 1303 1182 1347 vero

224 1371 322 1436 etiam
344 1371 484 1437 bracatis
512 1375 545 1436 et
567 1369 790 1455 Transalpinis
819 1371 1021 1455 nationibus,
1047 1373 1086 1436 ut
1111 1373 1183 1437 nul·

224 1461 292 1525 luni
314 1461 440 1526 veteris*
453 1460 572 1544 leporis
594 1460 768 1545 vestigium
791 1465 955 1544 appareat
999 1461 1128 1544 Itaque,
1149 1463 1183 1525 te

225 1569 325 1633 quum
346 1548 454 1633 rideo,
481 1569 593 1613 omnes
615 1549 696 1614 mibi
718 1547 870 1633 Granios,
897 1571 1010 1616 omnes
1033 1546 1183 1634 Lucilios,

226 1673 268 1684 -
291 1656 365 1702 vere
387 1641 425 1702 ut
447 1635 553 1702 diuam
566 1674 610 1684 -
623 1633 758 1703 Crassos
781 1659 908 1722 quoque
932 1641 965 1703 et
987 1637 1114 1704 Laelios
1137 1638 1181 1702 vi·

226 1725 301 1790 dere
323 1726 447 1791 videor:
469 1725 602 1810 moriar,
630 1726 658 1791 si
679 1729 808 1811 praeter
834 1729 867 1790 te
895 1747 1090 1812 quemquam
1112 1726 1183 1792 reli·

226 1834 327 1899 quum
347 1814 467 1900 babeo,
488 1813 524 1879 in
547 1836 611 1908 quo
632 1815 755 1901 possim
776 1814 953 1901 imaginem
975 1817 1127 1901 antiquae
1151 1817 1184 1880 et

226 1903 420 1969 vernaculae¹
442 1903 629 1970 festivitatis
657 1925 841 1990 agnoscere.
890 1902 943 1967 Ad
968 1904 1030 1970 hos
1058 1907 1183 1991 lepores

228 2009 328 2079 quum
354 1991 446 2060 anioi·
477 2014 555 2079 erga
581 2015 633 2059 me
664 1996 777 2058 tantus
804 1992 949 2077 a'ooedat,
979 1993 1106 2060 miraris
1133 2002 1189 2059 uie·

228 2086 321 2148 tanta
347 2084 590 2168 perturbatione
621 2083 815 2148 valetudinis
845 2084 922 2147 tuae
947 2085 1018 2147 tam
1044 2084 1186 2169 graviter

193 2172 447 2238 sexanimatum
476 2171 600 2237 fuisse?
654 2170 747 2247 Quod
778 2173 887 2235 autem
918 2171 1020 2234 altera
1049 2172 1186 2256 epistola

251 2282 349 2347 urgas
371 2265 404 2326 te
426 2281 495 2327 non
517 2261 731 2325 dissuasorem
753 2259 834 2323 mibi
863 2258 1036 2344 emptionis
1057 2259 1185 2346 Neapo-

228 2285 350 2415 litanae
371 2350 485 2434 fuisse,
512 2349 569 2414 sed
596 2351 760 2414 auctorem
782 2346 1027 2433 moderationis,
1054 2349 1187 2433 urbane,

229 2458 418 2592 liquit?
432 2435 968 2592 thitideittlltidlt
982 2436 1077 2590 iffi,
1091 2436 1186 2591 lull

230 2615 274 2702 id,
296 2547 466 2713 quod'egsso
490 2577 685 2699 arbitrbbar,
711 2635 762 2678 res
784 2613 844 2678 has
866 2635 935 2680 non
962 2614 1096 2680 omnino
1119 2614 1187 2699 qui-

232 2703 314 2789 dem,
332 2703 388 2770 sed
406 2723 459 2769 ma
507 2723 558 2768 am
572 2707 699 2789 partem
717 2702 907 2787 relinquere.
943 2698 1095 2768 Catulum
1107 2701 1189 2767 mihi

231 2787 346 2886 narras
368 2797 402 2858 et
422 2723 661 2877 illdntempora:
688 2790 765 2877 quid
792 2789 917 2856 simile?
948 2811 990 2856 ne
1017 2791 1098 2856 mibi
1121 2789 1189 2876 qui·

232 2881 306 2948 dem
327 2883 391 2968 ipsi
412 2885 492 2948 tuno
513 2883 663 2966 plaoebat
685 2881 805 2945 diutius
828 2880 941 2945 abesse
961 2880 1001 2944 ab
1020 2880 1067 2944 rei
1084 2879 1188 2964 publi·

233 2990 290 3037 cae
312 2971 472 3056 eustodia;
499 2971 689 3037 sedebamus
712 2969 798 3033 enim
820 2967 856 3032 in
878 2969 980 3054 puppi
1008 2971 1041 3034 et
1063 2969 1189 3034 olavum
1327 2967 1328 3010 i

232 3055 437 3145 tenebamus}
463 3081 551 3125 nuno
578 3063 686 3125 autem
713 3057 766 3122 vix
798 3058 909 3122 estin
937 3057 1065 3122 sentina
1091 3057 1189 3122 loeus.

198 3147 289 3215 4An
312 3149 419 3216 minus
442 3149 545 3214 multa
568 3151 699 3213 senatus
722 3146 871 3212 consulta
897 3145 1008 3211 futura
1029 3149 1140 3231 putas,
1162 3144 1191 3210 si

305 3324 357 3397 Ep.
377 3329 419 3393 15,
433 3329 458 3378 2.
494 3323 557 3380 lieet
572 3321 704 3394 quidlibet
722 3321 788 3390 (Μ.).
825 3322 853 3388 t,
870 3321 943 3390 qaod
956 3321 1020 3376 libet
1033 3319 1094 3375 edd.
1114 3320 1191 3388 vett..

236 3397 267 3454 B.
309 3404 333 3451 3.
361 3395 709 3460 moderantissimum,
831 3407 879 3462 eqo
903 3391 985 3446 aliter
1003 3389 1135 3460 (Madiig.
1155 3389 1193 3446 ad

236 3469 297 3524 Pin.
316 3467 359 3523 ed.
383 3465 474 3521 altera
495 3485 523 3538 p.
543 3471 608 3534 806,
632 3466 661 3520 ot
683 3464 724 3519 sio
773 3506 792 3532 .,
815 3463 870 3518 nisi
893 3461 969 3531 quod
986 3461 1024 3517 is:
1049 3461 1190 3528 urbanum:

237 3539 456 3597 omumorotioais
473 3537 525 3607 (L.)
543 3537 677 3602 aeonae,
694 3551 728 3591 ne
741 3551 788 3606 eqo
801 3533 909 3605 quidem
922 3533 1002 3588 aliter
1016 3531 1060 3588 W.
1075 3532 1151 3602 olim,
1161 3529 1191 3588 Β.

238 3640 272 3652 -
291 3611 370 3667 lisere
386 3610 427 3676 id,
444 3609 517 3680 qaod
534 3607 608 3677 (W).
645 3607 673 3673 l.,
690 3606 721 3662 id
738 3623 755 3678 q
781 3606 875 3677 vulgo.
