2578 3978
23 123 28 258 l
375 172 635 228 EPISTOLARUM
653 174 674 228 Ι.
695 180 709 228 7
987 174 1028 238 13

85 316 228 382 santia
217 339 254 382 m
274 339 310 381 re
332 317 463 401 publica
490 321 603 382 nostra
625 317 774 402 delectet,
803 338 900 402 quam
922 332 1028 420 splen

85 406 137 470 dor
156 405 304 470 offendat.
350 403 444 480 Quod
466 426 505 470 eo
527 405 658 470 liberius
686 407 727 470 ad
749 409 782 470 te
805 406 924 491 scribo,
951 407 1063 491 quies

23 477 25 572 l
84 494 262 559 nouaclum
279 493 481 578 temporibus
499 492 558 578 his,
578 515 658 578 quae
676 515 735 578 per
746 497 779 558 te
798 515 870 558 sum
883 495 1028 580 adeptus,

23 581 164 660 sed
155 603 219 646 ram
245 582 324 646 olim
350 581 498 646 nascenti
523 602 624 666 prope
651 585 728 647 nost
728 604 782 646 rac
808 582 897 647 laudi
924 583 1028 667 digni·

23 669 195 754 talique
211 670 331 754 favisti,
349 670 507 753 simulque
526 671 611 771 quod
629 671 722 735 video
740 692 817 754 non,
835 674 873 734 ut
890 672 1028 736 antehac
1099 667 1103 673 “

82 759 240 842 putabam,
266 757 406 823 novitati
433 779 502 822 esse
528 759 668 823 invisum
690 780 795 842 meae,
820 760 856 823 in
877 763 910 824 te
934 760 1028 845 enim,

82 845 201 912 homine
220 846 366 912 omnium
383 845 603 930 nobilissimo,
615 846 733 911 similia
749 846 931 912 invidorum
948 848 1028 913 vitia

23 935 227 1030 perspexi,
249 955 347 1018 quem
367 937 478 999 tamen
499 935 547 999 illi
570 955 638 1000 esse
661 935 696 999 in
713 935 913 1020 principibus
933 936 1027 1002 facile

23 999 25 1118 l
80 1027 148 1175 {put
169 1023 267 1176 passi,
291 1023 441 1174 elvolarp
441 1023 497 1088 alt'
488 1044 537 1174 md
550 1026 647 1176 r‹plelrlte
668 1024 851 1175 noluglrpnt
896 1023 1027 1090 Gaudeo

111 1133 161 1175 am
251 1131 373 1175 imrem
410 1132 549 1176 mesco
627 1133 744 1175 amm
795 1112 1028 1176 umenimin·

79 1203 182 1283 terest,
204 1203 317 1264 utrum
337 1201 409 1263 laus
431 1199 719 1283 imminuatur,en
680 1161 690 1196 r
675 1200 827 1264 ensalus
850 1198 1028 1283 decoratum

80 1309 123 1351 me
148 1309 240 1353 meac
266 1290 378 1352 tamen
404 1309 446 1352 ne
478 1288 574 1352 nimis
602 1288 795 1372 poeniteret,
825 1292 884 1352 tua
909 1289 1028 1353 virtute

23 1379 24 1424 ι
79 1375 252 1458 perlectum
280 1379 341 1459 est,
373 1376 493 1442 curasti
520 1376 619 1459 enim,
650 1378 688 1440 ut
713 1377 797 1459 plus
816 1375 961 1441 additum
987 1377 1028 1441 ad

23 1519 25 1534 ‚
80 1464 260 1529 memoriam
282 1463 423 1528 nominis
448 1465 554 1529 nostri
581 1485 678 1547 quam
705 1464 870 1547 demptum
897 1465 936 1528 de
963 1465 1028 1530 for·

23 1605 24 1618 .
79 1555 152 1616 tuna
173 1552 344 1616 rideretur.
390 1551 435 1616 Te
457 1573 533 1616 vero
556 1553 719 1630 †emonec
745 1574 844 1636 quum
865 1551 1062 1618 beneficiise

80 1641 146 1724 tuis,
166 1644 239 1705 tum
262 1661 371 1705 amore
393 1639 546 1704 incitatus
569 1661 651 1723 meo,
672 1644 710 1705 ut
732 1661 861 1705 omnem
883 1641 1028 1725 gloriam,

23 1739 24 1794 f
80 1729 235 1812 adquam
258 1750 278 1791 a
298 1728 438 1812 pueritia
464 1729 681 1792 inflammatus
709 1729 813 1811 fuisti,
841 1729 931 1805 omni
952 1750 1029 1793 cura

23 1835 24 1844 ¹
81 1819 168 1901 atque
191 1817 352 1881 industria
374 1837 570 1900 consequare
588 1779 906 1902 magnitudinemque
929 1817 1029 1882 animi

23 1943 24 1948 κ
80 1905 134 1988 tui,
164 1927 264 2007 quam
296 1925 357 1990 ego
385 1926 510 1989 semper
540 1927 612 1970 sum
638 1905 776 1970 admirat
761 1908 814 1999 tus
841 1926 1028 2006 semperque

81 1994 191 2077 amari,
231 2014 274 2058 ne
310 2015 463 2077 umquam
498 1993 643 2058 inflectas
680 1990 867 2076 cuiusquam
902 1993 1028 2058 iniuria
1070 2027 1073 2038 ·

23 2121 25 2136 ι
80 2078 195 2166 Magna
217 2085 268 2146 est
288 2080 458 2146 hominum
480 2081 591 2166 opinio
610 2081 648 2145 dc
666 2085 708 2164 te,
730 2101 850 2165 magna
868 2102 1028 2146 commen·

81 2169 160 2235 datio
181 2169 401 2253 liberalitatis,
427 2190 548 2254 magna
573 2169 728 2236 memoria
755 2169 941 2236 consulatus
967 2169 1028 2232 tui.

80 2256 153 2322 haec
178 2257 325 2342 profecto
352 2258 441 2322 vides
470 2260 592 2341 quanto
619 2257 818 2343 expressiora
846 2259 1028 2342 quantoque

80 2344 249 2412 illustriore
270 2346 381 2411 futuira
404 2347 478 2430 sint,
501 2369 600 2430 quum
616 2347 817 2430 aliquantum
840 2367 879 2410 ex
900 2346 1029 2430 provin·

23 2497 24 2502 ,
80 2433 125 2498 cia
146 2439 242 2519 atque
269 2456 309 2500 ex
334 2435 470 2519 imperio
497 2435 602 2499 laudis
624 2434 808 2518 accesserit,
835 2455 1029 2518 quamquam

23 2587 24 2590 ,
79 2523 175 2588 teila
197 2544 308 2608 gerere
326 2524 410 2607 volo,
432 2544 514 2606 quae
537 2544 595 2607 per
613 2523 789 2588 exercitum
811 2526 907 2606 atque
929 2522 1028 2606 impe·

79 2609 157 2674 rium
182 2612 325 2696 gerenda
348 2614 437 2695 sunt,
464 2615 503 2675 ut
527 2611 608 2676 haec
634 2612 737 2677 multo
764 2614 840 2674 ante
867 2609 1029 2695 meditere,

79 2696 137 2762 huc
157 2703 190 2764 te
208 2719 313 2784 pares,
334 2699 415 2764 haec
432 2699 564 2784 cogites,
587 2699 628 2764 ad
645 2699 725 2764 haec
742 2701 775 2763 te
792 2719 940 2764 exerceas
958 2720 1029 2764 sen·

78 2787 197 2872 tiaeque
219 2787 267 2872 id,
295 2787 380 2871 quod
404 2787 479 2872 quia
502 2809 627 2872 semper
650 2787 799 2872 sperasti,
825 2807 894 2852 non
916 2786 1028 2852 dubito

23 2909 24 2916 ι
79 2875 153 2957 quin
173 2875 311 2960 adeptus
332 2877 510 2960 intelligas,
536 2879 569 2939 te
591 2875 743 2940 facillime
765 2897 860 2960 posse
884 2875 1028 2941 obtinere

23 3021 24 3028 ,
78 2983 233 3028 summum
261 2967 357 3048 atquc
384 2964 576 3028 altissimum
604 2963 740 3049 gradum
768 2963 919 3028 civitatis:
947 2985 1029 3047 quae

23 3061 25 3142 ,
77 3051 200 3134 quidem
218 3072 291 3116 mea
310 3051 490 3117 cohortatio
509 3072 551 3116 ne
568 3052 629 3116 tibi
646 3051 753 3116 inanis
772 3055 830 3116 aut
849 3052 918 3116 sine
932 3073 1029 3116 causa

23 3145 25 3192 ἑ
76 3141 222 3223 suscepta
247 3139 357 3204 rideat
342 3142 408 3223 tur,
440 3141 497 3204 illa
528 3161 579 3205 mc
610 3141 694 3204 ratio
721 3139 836 3224 movit,
867 3142 905 3203 ut
929 3141 962 3202 te
989 3159 1029 3200 ex
1114 3155 1115 3158 ¹

23 3269 25 3344 l
142 3294 193 3366 Ep.
214 3303 278 3365 7,9.
314 3291 1028 3365 †emoaeo(W..·)etmoneoetroqo(W)autcd

75 3381 163 3420 moneo
166 3314 244 3436 (W.)
259 3368 310 3420 aut
322 3381 473 3422 commoneo
485 3365 600 3436 (Klotz.)
621 3369 671 3420 aut
683 3381 776 3420 moneo
791 3362 894 3432 (Orat.)
922 3377 1028 3416 emoneo

75 3434 193 3491 nn-
157 3439 364 3506 -scnte'osqcs
381 3438 426 3504 id,
445 3437 561 3506 qued..
572 3437 749 3506 ‚intellecta
773 3441 797 3488 le
820 3431 895 3500 (W..)
931 3447 992 3486 s.-
959 3433 1029 3488 -id

23 3489 25 3570 l
75 3507 185 3574 quod..
197 3509 314 3562 dat·
322 3513 348 3563 te
366 3508 459 3579 vulgo
