2610 3980
355 179 617 238 EPISTOLARUM
634 180 683 238 lv.
703 188 744 238 ru
969 178 1034 247 115

106 319 235 408 omnium3
259 325 356 390 etiam
382 325 452 410 illo,
480 347 563 412 quae
590 325 761 390 minimum
787 344 875 389 nuno
904 324 1035 409 quidem

104 411 198 494 potest,
217 411 269 477 sed
282 413 328 453 ³¹¹*
341 413 446 499 possit
468 435 599 479 neeesse
623 416 681 497 est,
702 435 754 478 res
777 412 917 497 publiea,
939 435 1032 497 quas·

105 516 214 582 eumque
234 502 315 566 vires
342 501 489 588 habebit,
515 503 557 568 ab
579 502 619 566 iis
642 501 735 586 ipsis,
761 521 784 566 u
828 500 923 566 uibus
944 505 1033 566 tene-

105 583 151 668 tur,
165 586 199 652 de
210 592 242 653 te
258 589 454 675 propediem,
471 589 550 654 mihi
568 587 671 674 erede,
688 590 826 674 impetra
848 589 883 654 it
923 587 1033 654 Redeo
1052 609 1069 658 u

104 671 182 756 igitur
205 677 244 742 sd
269 679 316 764 id,
346 682 385 744 ut
415 679 482 743 iam
506 679 568 743 tibi
599 679 698 744 etism
723 678 878 762 pollicear
904 676 1035 762 aliquid,

104 762 170 844 quod
188 766 287 849 primo
311 767 494 834 omiseram:
521 789 599 834 uum
622 769 656 832 et
677 767 873 851 complectar
895 766 964 832 eius
986 766 1034 832 fs·

102 850 317 940 miliarissimos,
340 856 396 940 qui
413 877 465 920 me
483 855 657 926 admodum
676 844 817 941 dssiguut
832 855 1034 938 multumque

103 956 204 1006 meeum
224 947 309 1028 sunt,
331 944 421 1010 etin
443 945 544 1030 ipsius
567 965 615 1009 nse
638 943 913 1029 consuetudinem,
935 965 1034 1028 quam

102 1026 184 1095 adhue
204 1053 292 1098 meus
315 1032 420 1117 pudor
441 1032 522 1098 mihi
545 1033 674 1118 elausit,
696 1032 870 1098 insinuabo
894 1035 926 1096 et
949 1036 1034 1098 certe

102 1134 191 1184 omnes
211 1121 279 1186 vias
306 1143 494 1207 persequar,
521 1122 638 1206 quibus
660 1121 783 1206 putabo
811 1119 852 1184 ad
874 1119 922 1204 id,
948 1119 1034 1204 quud

101 1205 234 1294 volumus,
254 1211 423 1295 pervenire
445 1232 555 1296 posse3
576 1211 613 1276 in
630 1210 693 1276 hoo
711 1213 782 1276 toto
801 1229 918 1294 genere
941 1208 1036 1292 plura

100 1289 204 1380 faeiem,
224 1319 322 1382 quum
344 1300 482 1365 seribere
505 1299 618 1366 audeo.
660 1296 847 1384 ceteraque,
868 1318 952 1381 quae
974 1297 1035 1364 tibi

100 1385 228 1452 amultis
249 1391 404 1472 prompto
426 1409 496 1454 esse
518 1392 606 1452 oerto
630 1388 707 1474 seio,
729 1408 818 1454 sme
842 1390 919 1452 sunt
940 1407 1033 1471 parer

100 1467 215 1538 tissima:
244 1475 329 1540 nihil
360 1476 396 1540 in
421 1497 456 1542 re
482 1476 637 1542 familiari
662 1497 735 1542 mea
764 1479 828 1560 est,
858 1474 946 1559 quod
972 1495 1034 1560 ego

98 1577 186 1626 meum
210 1564 323 1628 malim
353 1585 424 1630 esse
456 1585 554 1650 quum
578 1568 686 1649 tuum;
716 1565 778 1630 hae
806 1565 846 1629 de
872 1585 908 1628 re
935 1566 969 1628 et
995 1561 1035 1628 de

99 1643 147 1710 hoo
170 1671 283 1736 genere
314 1655 386 1718 toto
417 1653 479 1719 hou
510 1653 616 1719 scribo
648 1654 789 1739 parcius,
820 1651 908 1738 quod
933 1655 966 1716 te
993 1651 1036 1735 id,

99 1737 167 1837 quod
190 1740 258 1826 ipre
288 1741 429 1826 confido,
461 1763 590 1827 sperare
617 1743 717 1827 melu,
743 1746 776 1808 te
804 1763 873 1808 esse
901 1761 1036 1806 usurum

98 1825 156 1892 tus.
187 1828 379 1896 Extremum
396 1829 476 1896 illud
499 1834 557 1915 est,
579 1833 671 1896 utto
694 1851 783 1896 orem
806 1834 839 1895 et
862 1830 1036 1911 obsecrem,
1054 1844 1070 1894 ἰ

99 1913 187 1983 animo
216 1921 254 1984 ut
289 1918 430 1985 maximo
463 1919 507 1985 sis
538 1937 598 1988 net
634 1939 674 1982 ea
706 1919 812 1984 solum
842 1917 1037 2000 memineris,

98 2021 163 2084 quae
182 2007 222 2072 ab
244 2007 320 2072 aliis
342 2007 471 2093 magnis
492 2007 571 2072 viris
594 2007 755 2091 sucepisti,
777 2006 833 2070 red
855 2006 912 2070 illa
930 2004 1037 2086 etiam,

99 2108 164 2174 quse
183 2095 251 2182 ipse
273 2096 409 2181 ingenio
431 2095 601 2180 studioque
623 2094 791 2180 peperisti3
817 2114 899 2176 quae
923 2091 951 2158 si
973 2091 1036 2156 eol·
1101 2115 1102 2118 ¹

97 2175 174 2267 liges,
194 2188 228 2250 et
254 2183 402 2270 sperabis
429 2185 539 2250 omnia
561 2184 682 2268 optime
704 2185 750 2266 et,
773 2202 854 2266 quae
883 2178 1038 2264 assident,

99 2271 326 2358 qualiacumque
349 2276 457 2358 erunt,
484 2272 648 2358 sapienter
668 2272 763 2338 feros.
812 2269 873 2335 Sed
898 2269 979 2334 haee
1000 2271 1037 2334 tu

97 2359 193 2428 melius
214 2363 267 2428 rel
292 2361 413 2447 optime
436 2362 595 2428 omnium:
618 2382 690 2446 ego,
712 2381 794 2444 quae
812 2359 974 2444 pertinere
996 2355 1038 2422 ad

98 2445 329 2537 teiutelligam,
350 2450 584 2516 studiosissime
602 2449 713 2516 omnia
730 2447 1037 2534 diligentissimeque

98 2537 198 2605 curabo
220 2543 418 2623 tuorumque
438 2536 625 2604 tristissimo
648 2559 720 2603 meo
743 2541 887 2622 tempore
909 2535 1038 2602 merito-

98 2640 156 2689 rum
176 2648 253 2715 erga
275 2649 328 2694 ms
351 2628 540 2694 memoriam
562 2627 769 2694 conservabo.

176 2861 249 2997 Ru
266 2859 292 2912 t.
320 2855 369 2911 sud
380 2853 420 2890 ⁴*
429 2855 519 2926 possit
529 2851 576 2924 (W
578 2858 603 2926 .).
636 2855 682 2910 sed
690 2854 757 2924 plue
770 2853 827 2908 iam
837 2867 866 2920 p.
879 2849 926 2919 (W
928 2853 964 2919 .)‘l
995 2848 1041 2905 rod

95 2926 168 2987 imit
226 2899 324 2998 virgo
361 2933 386 2981 6.
405 2923 754 2996 immoraremur).
790 2922 1040 2978 Aulutrene...

98 2992 196 3065 daut,
211 3015 255 3056 ru
273 2998 423 3054 insinuato
441 2999 527 3066 (W.)?
575 2997 607 3052 in
624 2997 643 3050 i.
663 3011 685 3049 e.
767 2994 809 3060 rt,
826 2993 976 3048 Monate
994 2990 1041 3056 ld..

99 3063 176 3138 vulgo.
195 3099 230 3109 -
244 3069 391 3139 peruenire
410 3067 477 3138 (M).
509 3067 651 3146 perueniri
663 3065 721 3190 δὴ,
738 3064 800 3135 B.)?
835 3080 885 3118 nos
922 3062 1042 3116 erorum

99 3131 206 3208 illotos
224 3169 260 3180 -
281 3137 439 3208 comaque,
456 3154 526 3208 quoe
544 3137 624 3208 (Ml).
685 3140 770 3202 utero,
787 3151 857 3206 quoe
908 3137 938 3200 2,
956 3131 987 3184 B.
1006 3158 1040 3169 —

98 3206 446 3348 md,quod...malo,
467 3214 493 3264 te
515 3205 591 3278 (W).
645 3211 685 3275 te,
708 3206 740 3262 iu
762 3201 995 3276 quod...malo
1017 3204 1043 3253 te

153 3295 177 3336 o.
