2636 3986
362 240 621 301 EPISTOLARUM
638 241 712 296 Xlll.
727 248 841 298 tto-to.
1014 243 1080 307 453

121 385 276 452 observat
307 385 566 471 diligentissime,
600 387 692 452 cuius
723 407 796 454 cnm
832 390 925 472 patre
961 409 1083 473 magna

120 474 203 538 mihi
225 474 290 538 fcit
312 475 454 543 amicitia
475 475 540 538 iam
567 474 643 539 inde
671 497 691 539 a
713 479 887 560 quaestura
908 496 981 540 mea
1003 473 1081 541 Sici·

120 563 227 626 liensi.
272 560 412 627 Omnino
435 563 617 652 nuncipso
639 561 787 629 Bruttius
809 564 933 630 Romae
955 585 1083 628 mecum

122 654 187 735 cst3
218 649 274 715 sed
300 654 411 716 tamen
438 650 569 716 domum
592 652 660 716 cius
683 655 717 717 et
738 674 806 717 rem
832 652 1025 718 familiarem
1048 656 1081 717 et

122 742 348 823 procuratores
375 739 435 804 tibi
463 740 508 804 sic
531 741 735 825 commendo,
761 745 799 806 ut
825 742 945 807 maiore
974 740 1080 806 studio

122 827 349 892 commendare
376 849 445 894 non
472 829 603 913 possim.
648 827 874 908 Gratissimum
896 829 976 894 mihi
998 828 1098 893 fece-1

122 916 178 1000 ris,
201 915 228 980 si
251 916 382 1000 curaris,
403 919 442 981 ut
458 917 621 1004 intelligat
638 915 794 1002 Bruttius,
816 918 849 982 id
872 917 957 1002 quod
981 917 1010 982 ei
1032 939 1081 981 rc-

121 1003 202 1088 repi,
220 1003 305 1068 hanc
323 1025 429 1068 meam
443 1005 754 1071 commendationem
773 1006 834 1070 sibi
854 1026 974 1091 magno
993 1005 1081 1070 adiu·

122 1091 234 1158 mento
256 1091 366 1157 inisse.
774 1102 777 1106 ’

528 1268 680 1336 XXXIX.

290 1371 293 1376 Δ
410 1379 467 1436 Sor.
486 1381 592 1437 Romae
611 1398 636 1436 a
654 1400 681 1436 n.
700 1399 724 1437 c.
744 1386 806 1438 708.

259 1503 407 1563 alcano
425 1504 570 1560 ACILIO
589 1504 849 1564 PROCONSULI
865 1503 949 1563 SAL.

192 1600 275 1670 Cum
296 1605 421 1673 familia
443 1605 592 1674 'lituinias
613 1606 816 1674 necessitudo
846 1603 926 1674 mihi
947 1606 1082 1672 interce·

125 1690 175 1758 dil
196 1696 302 1777 vatus,
324 1715 364 1762 ax
385 1715 450 1777 qna
471 1695 614 1781 reliquus
640 1699 690 1766 cst
711 1694 755 1763 Μ.
779 1694 949 1764 lituinias
968 1695 1083 1779 Rufus,

125 1781 182 1864 qni
203 1781 284 1848 mihi
306 1781 397 1849 omni
418 1780 587 1865 diligentia
610 1786 707 1866 atqua
728 1783 835 1852 officio
859 1787 908 1850 est
930 1783 1083 1866 tuendus3

127 1871 178 1935 est
198 1868 299 1953 igitar
321 1869 357 1936 in
378 1871 437 1934 tua
458 1872 629 1952 potestate,
651 1873 689 1934 ut
709 1871 765 1937 illc
786 1871 822 1938 in
844 1891 895 1934 me
919 1871 997 1938 satis
1021 1871 1082 1936 sibi

125 1956 279 2041 praesidii
309 1959 403 2040 patet
435 1976 513 2022 csse.
567 1955 770 2042 Quapropter
801 1979 875 2024 eum
905 1958 966 2022 tibi
998 1979 1082 2026 com·

125 2045 244 2111 mendo
266 2045 303 2110 in
324 2044 479 2114 maiorem
501 2044 634 2112 modum
656 2048 690 2113 at
709 2046 768 2110 abs
790 2049 823 2110 ts
845 2048 931 2134 pcto,
953 2045 1083 2130 efficias,

125 2135 165 2198 ut
186 2133 217 2199 is
237 2131 549 2202 commendationem
575 2133 662 2202 hanc
689 2134 852 2218 intelligat
879 2133 940 2200 sibi
962 2154 1082 2219 magno

127 2219 316 2286 adiumento
337 2219 450 2288 fuisse:
477 2220 539 2286 erit
559 2221 595 2288 id
615 2221 696 2289 mihi
718 2221 923 2289 vehementer
945 2226 1083 2308 gratum.

564 2414 632 2482 XL.

406 2525 463 2582 Sor.
483 2525 587 2581 Romae
606 2543 631 2582 a.
650 2545 677 2582 o.
695 2546 719 2585 c.
739 2535 799 2584 699.

197 2647 235 2703 Μ.
254 2646 383 2704 CICERO
404 2649 430 2704 S.
449 2649 482 2705 D.
503 2649 534 2716 Q.
553 2650 740 2708 ANCHARIO
760 2652 791 2719 Q.
810 2653 841 2709 F.
859 2652 1006 2709 PROCOS.

194 2745 229 2812 L.
252 2750 285 2812 et
307 2746 341 2813 Ο.
364 2748 513 2814 Aurelios
541 2750 576 2815 L.
603 2751 699 2835 filios,
727 2752 858 2837 quibus,
884 2757 917 2818 ct
943 2754 1023 2838 ipsis
1050 2759 1083 2820 ct

126 2836 219 2918 patre
237 2856 357 2921 eorum,
378 2837 448 2902 viro
467 2839 599 2924 optimo,
621 2838 869 2905 familiarissimo
892 2844 975 2926 utor,
998 2864 1082 2908 com·

126 2923 243 2988 mendo
265 2924 327 2988 tibi
349 2925 503 2991 maiorem
525 2926 560 2990 in
578 2927 719 3012 modum,
742 2927 960 2995 adolescentes
980 2932 1082 2997 omni-

125 3009 186 3074 bus
219 3011 349 3095 optimis
381 3014 504 3079 artibus
528 3019 673 3100 ornatos,
700 3037 789 3082 meos
817 3019 1083 3103 pernecessarios,

125 3100 183 3163 tua
201 3100 342 3164 amicitia
360 3100 574 3186 dignissimos.
611 3102 647 3168 Si
668 3105 735 3169 ulla
751 3125 824 3170 mea
841 3107 927 3190 apud
944 3109 978 3170 te
997 3128 1081 3172 com·

125 3186 289 3253 mendatio
312 3188 469 3254 valuit-
484 3191 571 3274 quod
594 3193 1006 3277 scio,multasplu1imnm
1029 3215 1082 3258 va·

125 3273 223 3340 luisse
238 3310 291 3360 -‚
311 3276 392 3340 hacc
414 3281 452 3344 nt
473 3280 588 3362 valeat,
610 3301 699 3364 rogo.
737 3279 829 3356 Quod
852 3282 880 3346 si
902 3302 958 3347 cos
980 3282 1082 3348 honos

195 3429 247 3502 Ep.
267 3437 310 3486 40.
337 3432 445 3504 quotics,
462 3439 487 3488 et
504 3435 574 3503 ipsis
593 3435 666 3503 (W.).
703 3453 727 3506 q.
747 3441 772 3490 et
789 3437 808 3491 i.
827 3436 921 3506 volgo.
941 3467 975 3477 -
993 3438 1082 3493 valuit

124 3527 159 3637 ᾗ
175 3503 332 3644 {scama
350 3519 385 3557 m.
398 3503 440 3572 pl.
460 3505 512 3558 ccl.
533 3535 581 3571 -,
599 3505 663 3560 haec
681 3505 728 3575 (W
731 3508 764 3574 .)..
792 3507 898 3578 vc1.,q.
916 3508 973 3562 acio
990 3524 1024 3563 m
1038 3509 1080 3580 pi.
