2636 3986
205 237 273 301 466
458 313 461 316 ,
490 240 527 294 u.
547 239 671 295 runnu
689 237 879 294 cressonis

207 381 238 446 ei
259 349 373 448 volunt
404 383 535 448 solvere.
585 382 776 468 Pergratum
802 382 902 468 igitur
932 381 1012 446 mihi
1042 381 1166 466 feceris,

208 470 361 555 quoniam
374 493 442 536 non
455 471 550 536 modo
568 471 685 557 reliqui
697 474 830 554 tutores,
850 471 906 555 qui
919 469 1033 552 sciunt,
1050 471 1165 555 quanti

208 580 260 623 me
291 558 405 644 facias,
437 559 493 624 sed
520 559 618 624 etiam
645 581 725 642 puer
750 559 819 643 ipse
848 558 910 624 sibi
940 559 1101 642 persuasit
1131 563 1166 622 te

208 644 318 711 omnia
349 669 421 711 mea
452 669 549 712 causa
577 649 738 712 facturum
764 669 847 732 esse,
879 647 908 712 si
938 646 1062 712 dederis
1090 668 1166 731 ope·
1201 691 1205 698 -

207 757 287 820 ram,
311 737 416 820 quoad
437 739 495 800 tua
513 736 591 801 fides
610 736 814 822 dignitasque
837 736 985 818 patietur,
1007 738 1045 798 ut
1066 757 1166 819 quam

207 823 382 908 plurimum
415 825 570 909 pecuniae
606 823 724 890 Pinnio
761 825 903 890 solvatur
938 821 1167 888 Nicaeensium

207 911 347 978 nomine

636 1106 738 1176 LXII.

368 1218 424 1274 Sor.
447 1217 595 1274 incilicia
618 1221 736 1274 exeunte
759 1233 832 1273 anno
854 1223 1003 1272 11111113.

402 1342 438 1396 Μ.
454 1340 582 1398 CICERO
598 1341 624 1397 S.
638 1343 671 1397 D.
686 1343 716 1396 P.
732 1341 826 1399 SILIO
840 1340 968 1396 PROPR.

274 1436 321 1505 Et
336 1437 371 1504 in
384 1440 477 1505 Atilii
494 1442 625 1527 negotio
643 1445 676 1506 te
694 1441 799 1506 amavi
813 1477 855 1488 —
870 1463 969 1526 quum
987 1441 1074 1506 enim
1092 1425 1176 1506 sero

209 1527 378 1613 venissem,
395 1532 505 1593 tamen
522 1530 694 1595 honestum
713 1529 853 1615 equitem
866 1528 1051 1596 Romanurn
1069 1530 1164 1596 bene-

208 1615 280 1680 ficio
302 1619 359 1682 tuo
382 1618 567 1682 conservavi
580 1655 632 1702 —,
655 1621 688 1682 et
709 1617 889 1683 mehercule
912 1640 1039 1702 semper
1061 1618 1107 1684 sic
1129 1618 1165 1681 in

210 1703 318 1769 animo
339 1703 452 1789 habui,
479 1708 512 1769 te
534 1706 569 1770 in
591 1728 663 1772 meo
687 1727 759 1772 aere
782 1727 851 1773 esse
878 1710 1011 1792 propter
1032 1706 1164 1771 Lamiae

209 1792 314 1857 nostri
336 1793 594 1894 coniunctionem
616 1799 649 1859 et
671 1795 878 1880 singularem
886 1795 1164 1860 necessitudinem

210 1880 324 1983 Itaque
342 1881 482 1966 primum
495 1882 556 1948 tibi
575 1903 637 1969 ago
651 1884 781 1970 gratias,
800 1884 885 1969 quod
898 1905 950 1949 me
964 1905 1053 1948 omm
1044 1884 1164 1948 mole·

210 1969 274 2035 otia
286 1969 444 2055 liberasti,
463 1971 576 2036 deinde
589 1972 790 2074 impudentia
803 1993 989 2072 prosequor,
1006 1972 1062 2036 sed
1079 1971 1164 2036 idem

211 2058 407 2123 sarciam·
365 2063 459 2123 —te
482 2060 568 2126 enim
591 2081 716 2146 semper
738 2061 784 2126 sic
806 2053 910 2125 oblam
937 2064 970 2124 et
992 2061 1107 2125 tuebor
1127 2064 1166 2124 ut

211 2167 306 2231 quem
329 2147 573 2233 diligentissime
587 2172 645 2213 -.
670 2147 825 2224 Quintum
846 2149 980 2213 fratrem
997 2170 1114 2233 meum,
1137 2149 1165 2214 si

209 2255 262 2299 me
284 2235 401 2321 diligis,
422 2257 460 2302 eo
482 2258 617 2303 numero
640 2258 717 2302 cura
738 2240 776 2302 ut
796 2236 925 2320 habeas,
948 2258 1011 2322 quo
1030 2259 1095 2302 me:
1118 2238 1166 2302 ita

209 2343 365 2410 magnum
387 2325 577 2390 beneficium
598 2328 690 2390 tuum
712 2346 831 2410 magno
854 2326 980 2390 cumulo
1004 2325 1138 2392 auxeris.

629 2517 746 2583 LXIII.

321 2627 379 2684 Sor,
397 2627 552 2685 Laodiceae
570 2646 665 2685 mense
683 2628 836 2686 Februario
855 2645 880 2684 a.
899 2647 926 2685 u.
945 2647 968 2686 c.
989 2637 1049 2689 ⁷04.

385 2753 425 2808 Μ.
444 2752 621 2810 CICEROS
639 2755 674 2809 D
692 2754 722 2809 P
743 2754 835 2811 SILIO
854 2754 983 2811 PROPR.

176 2865 190 2915 1
276 2849 353 2918 Non
374 2854 486 2937 putavi
507 2855 576 2920 fieri
598 2876 751 2939 posse,u
729 2856 867 2920 utmihi
890 2858 987 2922 verba
1009 2857 1167 2942 deessent,

211 2940 266 3005 sed
297 2942 448 3006 tamen
437 2964 473 3007 m
504 2942 547 3007 M.
580 2941 700 3009 Laenio
732 2944 984 3010 commendando
1017 2908 1167 3032 deerunt}

209 3030 318 3115 itaque
345 3051 414 3095 rem
440 3030 502 3096 tibi
529 3053 688 3133 exponam
714 3032 825 3116 paucis
847 3034 966 3118 verbis,
993 3035 1166 3116 †sedta-

209 3139 332 3203 men,
315 3121 353 3183 ut
373 3118 469 3203 plane
495 3121 675 3205 perspicere
697 3122 803 3204 possis
829 3123 1028 3187 voluntatem
1050 3145 1167 3191 meam.

280 3292 332 3362 Ep.
352 3299 394 3347 61.
417 3293 570 3362 plurimum
583 3295 718 3362 pecrmioe
732 3295 798 3363 (M.)
829 3297 953 3364 primm
966 3300 1089 3366 pecunia
1102 3298 1167 3353 edd

209 3365 290 3432 vett,
307 3363 338 3417 B.
388 3363 439 3433 Ep.
460 3369 502 3418 62.
539 3364 662 3419 laborasti
685 3365 779 3435 (Ern.)
830 3367 930 3422 liberas
952 3367 989 3421 Μ.
993 3370 1110 3507 ,Wvulgo
1130 3401 1166 3409 —

211 3433 273 3498 ΜΜ,·
295 3434 438 3488 dando..
455 3434 650 3488 ‚sorcicm—
668 3441 740 3489 te..
753 3436 888 3491 ‚ual-
894 3437 1031 3508 ·.(WQ
1109 3441 1167 3507 lib,

206 3503 789 3573 Μ..ε.,·11...ΜΜΜρΜ1ΜεΜΜΜρ.Β
839 3507 890 3574 Ep
911 3514 993 3574 63‚.1
1029 3513 1107 3577 †sed
1125 3516 1167 3565 ta·

206 3577 1170 3648 ΜΜΜ,Μ1(Μ)Β.ΜηθῒΜο1,Μ1(ΒοηςεΜ)8111111111101).
