2658 3986
391 255 650 313 EPISTOLARUM
669 257 742 311 vm.
761 263 785 312 s.
805 264 829 314 e.
958 311 964 318 ,
1022 257 1087 323 235

126 401 302 466 Marcellus
325 399 410 466 idem
432 401 512 465 illud
536 401 575 466 de
592 401 767 486 provinciis
785 403 888 488 urget,
909 424 1014 487 neque
1033 402 1087 468 ad-

126 491 192 555 huc
219 489 422 574 frequentem
451 493 598 554 senatum
627 491 655 554 is
687 491 813 555 efficere
846 491 963 575 potuit.
1015 490 1087 557 Hoc

127 579 174 643 sic
198 577 373 662 praeterito
406 581 492 643 anno
516 575 613 644 Curio
644 580 800 645 tribunus
825 581 886 644 erit
915 584 949 645 et
976 580 1088 646 eadem

127 667 214 732 actio
243 667 281 731 dc
308 666 483 751 provinciis
510 667 673 733 introibit:
699 689 796 752 quum
822 667 916 733 facile
943 669 1022 733 tunc
1046 669 1088 734 sit

127 756 239 820 omnia
261 755 416 839 impedire
435 759 468 821 et
487 777 584 841 quam
600 756 664 822 hoo
683 753 821 846 Caesari,
840 757 896 841 qui
914 777 973 822 sua
991 778 1088 823 causa

127 866 197 908 rem
219 843 383 928 publicam
405 865 473 910 non
496 848 617 929 curent,
640 849 778 930 sperent,
800 867 868 911 non
890 849 924 910 te
944 846 1039 912 fallit.

577 1038 634 1104 VI.

316 1149 374 1205 Sor.
392 1167 434 1219 pr.
454 1149 550 1204 Nonas
568 1151 687 1206 Martias
706 1167 730 1206 a.
750 1169 777 1206 u.
796 1168 819 1206 e.
841 1155 892 1207 704

390 1273 542 1330 OAELIUS
561 1273 732 1330 CICERONI
751 1274 827 1332 SAL.

197 1371 273 1438 Non
296 1372 418 1456 dubito,
441 1374 520 1458 quin
541 1375 702 1458 perlatum
725 1374 766 1440 ad
788 1379 820 1440 te
844 1376 887 1441 sit
904 1376 1048 1462 Appium
1069 1399 1089 1442 a
1108 1385 1122 1433 t

130 1461 300 1528 Dolabella
322 1484 415 1527 reum
435 1462 572 1548 factum,
600 1485 676 1528 sane
702 1460 821 1552 [quam]
850 1487 919 1530 non
946 1487 997 1550 ea,
1024 1487 1089 1550 qua

128 1551 401 1636 existimaveram,
427 1551 561 1636 invidia3
590 1550 694 1637 neque
722 1554 809 1626 enim
832 1556 929 1619 stulte
952 1553 1089 1640 Appius,

128 1641 195 1724 qui,
217 1639 411 1725 simulatque
433 1638 603 1706 Dolabella
631 1642 766 1707 accessit
789 1642 830 1707 ad
856 1643 1014 1729 tribunal,
1039 1644 1088 1708 in·

128 1729 266 1794 troierat
288 1728 324 1792 in
346 1729 459 1792 urbem
480 1729 699 1815 triumphique
726 1732 979 1815 postulationem
1002 1733 1087 1797 abie-

129 1819 227 1900 cerat,
251 1839 315 1901 quo
333 1817 421 1882 facto
440 1818 576 1883 rettudit
594 1839 757 1884 sermones
775 1821 981 1906 paratiorque
999 1821 1087 1887 visus
1180 1852 1185 1864 ·

130 1910 189 1990 est,
212 1926 310 1989 quam
333 1911 518 1990 speraverat
531 1912 707 1972 aecusator.
743 1907 776 1972 Is
798 1929 886 1973 nunc
908 1909 943 1972 in
965 1912 998 1974 te
1020 1931 1088 1974 ma·

129 1995 251 2058 ximam
274 2015 364 2080 spem
386 1995 493 2059 habet.
539 1993 611 2060 Soio
634 1995 694 2060 tibi
720 2018 796 2060 eum
817 2019 885 2062 non
908 2018 976 2061 esse
1000 1997 1087 2062 odio:
1162 2054 1165 2066 ι

129 2105 229 2167 quam
251 2083 330 2148 velis
354 2105 428 2148 eum
451 2083 608 2170 obligare,
634 2085 670 2147 in
696 2086 755 2148 tua
776 2107 875 2149 manu
902 2088 960 2150 est.
1007 2083 1087 2150 Oum

129 2192 195 2255 quo
223 2173 252 2237 si
279 2172 512 2238 simultas‘tibi
539 2193 607 2238 non
637 2172 766 2258 fuisset,
797 2173 928 2238 liberius
960 2173 1021 2238 tibi
1049 2175 1087 2238 de

130 2263 204 2325 tota
226 2281 260 2324 re
281 2264 377 2326 asset:
400 2278 496 2345 nunc,
520 2261 546 2325 si
569 2260 610 2326 ad
632 2261 722 2325 illam
741 2283 900 2328 summam
919 2263 1088 2327 veritatem

129 2349 312 2434 legibimum
332 2350 384 2414 ius
407 2350 563 2434 exegeris,
586 2349 763 2415 cavendum
784 2351 846 2416 tibi
869 2351 942 2436 crit,
968 2369 1010 2414 ne
1032 2374 1087 2437 pa-

128 2459 203 2502 rum
226 2437 414 2522 simpliciter
442 2441 474 2502 et
500 2439 635 2504 candide
662 2439 808 2524 posuisse
834 2439 1020 2534 inimicitias
1042 2441 1088 2506 vi·

130 2525 249 2609 dearis3
275 2526 311 2589 in
337 2525 423 2590 hano
448 2530 575 2610 partem
601 2549 698 2613 porro
725 2531 833 2594 tutum
863 2529 924 2595 tibi
954 2529 1028 2614 erit,
1060 2529 1088 2594 si

131 2613 208 2698 quid
235 2613 374 2679 uolueris
399 2615 585 2700 gratificari,
614 2607 710 2682 nemo
737 2617 824 2682 enim
851 2618 1087 2683 necessitudine

130 2705 163 2766 et
195 2703 337 2768 amicitia
367 2706 400 2768 te
432 2703 620 2768 deterritum
652 2704 693 2770 ab
726 2705 842 2771 officio·
866 2705 958 2771 dicct.
1003 2705 1087 2771 Illud

130 2791 210 2855 mihi
234 2792 382 2876 occurrit,
405 2792 491 2877 quod
513 2794 598 2858 inter
616 2793 869 2878 postulationem
892 2798 925 2858 et
946 2795 1087 2860 nominis

131 2879 326 2945 delationem
357 2901 439 2945 uxor
470 2881 681 2948 aDolabella
708 2881 867 2947 discessit:
900 2883 978 2968 quid
1007 2883 1120 2947 mihis

130 2967 296 3033 discedens
319 2969 491 3052 mandaris,
514 2970 659 3052 memini3
687 2970 763 3054 quid
787 2991 847 3056 ego
870 2971 931 3035 tibi
954 2972 1087 3056 scripse·

128 3056 199 3140 rim,
222 3061 254 3120 tc
277 3078 346 3122 non
368 3057 508 3123 arbitror
531 3058 675 3122 oblitum
711 3056 788 3124 Non
810 3062 861 3124 est
876 3060 943 3124 iam
959 3062 1087 3144 tempus
1118 3101 1119 3106 κ

128 3145 222 3228 plura
245 3146 413 3209 narrandi:
440 3168 542 3211 unum
567 3147 648 3210 illud
670 3168 802 3212 monere
825 3150 857 3211 te
886 3169 1032 3232 possum,
1060 3148 1087 3210 si

128 3254 180 3296 res
206 3232 268 3300 tibi
295 3255 363 3298 non
388 3233 583 3320 displicebit,
612 3238 722 3299 tamen
748 3235 811 3302 hoo
837 3239 982 3320 tempore
1004 3235 1087 3314 nihil

202 3395 253 3466 Ep.
273 3400 298 3465 ὅ,
318 3402 343 3451 3.
361 3395 542 3466 frequentium
559 3401 671 3450 sebum
689 3395 731 3462 eff.
751 3393 888 3463 (Busch.)?
924 3394 1087 3462 frequentur

131 3467 234 3520 mamis
251 3465 289 3520 M.
323 3466 448 3532 Caesari„
467 3467 515 3535 qai
533 3465 599 3535 (Μ.).
633 3465 836 3533 Caesarisque,
860 3463 908 3532 qui
925 3463 1037 3530 Kahnt,
1056 3464 1086 3518 B.

132 3536 182 3606 Ep.
202 3543 227 3606 6,
249 3543 273 3590 1.
300 3551 367 3591 saue
386 3535 490 3607 [quam]
508 3551 566 3591 occa
584 3535 688 3606 (crau).
715 3551 736 3589 s.
755 3551 837 3603 picam
854 3549 912 3590 noa
929 3534 975 3600 M„
994 3533 1087 3602 vulgo.

136 3613 226 3660 -est
261 3605 674 3676 omn...esset:nunc(w.).-
697 3609 981 3670 est30mu...eccet.
1004 3603 1090 3658 Nemo

137 3677 227 3746 vulgo.
248 3707 280 3717 -
296 3679 421 3746 posuisse
439 3678 506 3748 (Mb.
526 3678 614 3746 depos.
634 3676 743 3743 Cobet,
762 3674 792 3729 B.
