2636 3986
359 200 621 257 EPISTOLARUM
639 201 712 258 xlfl.
732 207 844 258 res—or.
1011 203 1078 267 463

121 323 205 429 esse,
238 344 293 409 sed
325 346 411 410 malo
444 345 582 430 ecdicos,
611 349 649 410 ut
675 346 795 455 aliquid
823 347 936 460 confici
962 348 1078 448 possit3

121 436 570 588 quittdilmimlntlil
590 435 1113 588 ttoll‘ltlttdttz

120 544 296 675 lindensis
322 603 500 694 ὑποθήκας
526 608 639 676 Cluvio
669 611 769 676 dedit:
801 633 858 677 cae
890 611 1078 677 commissae

121 701 214 782 sunt,
245 697 342 762 velim
373 719 478 781 cures,
509 701 547 763 ut
578 702 635 764 aut
667 700 705 763 de
731 699 920 784 hypothecis
948 700 1080 764 decedat

123 807 241 940 tt?
267 785 1080 942 Pil-iiiiiilbiiriitilat‘llaialmntidamai

121 896 200 1028 idem
229 925 363 1045 debent,
395 966 452 1028 out
482 963 652 1048 pecuniam
684 964 811 1029 solvant
838 896 894 1029 iit
921 898 1079 1029 ruinius

123 1052 189 1116 suis
208 1051 417 1116 satisfaciant
453 1049 569 1117 Caunii
585 1055 752 1135 praeterea
769 1053 895 1135 debent,
915 1053 970 1116 sed
988 1053 1114 1117 aiuntt

123 1160 158 1203 se
185 1139 366 1225 depositam
392 1140 562 1223 pecuniam
589 1139 754 1205 habuisse:
783 1140 817 1205 id
843 1141 939 1204 velim
961 1160 1078 1225 cogno-

123 1249 195 1292 scas
218 1230 263 1311 ct,
289 1228 318 1292 si
344 1228 539 1294 intellexeris
566 1249 621 1293 eos
648 1249 753 1314 neque
779 1250 819 1293 ex
845 1229 949 1293 edicto
975 1249 1079 1312 neque

124 1336 163 1380 ex
187 1315 312 1380 decreto
336 1315 514 1400 depositam
532 1316 693 1399 habuisse,
716 1316 771 1381 des
790 1337 929 1401 operam,
951 1318 988 1381 ut
1004 1338 1079 1381 usu·

124 1425 180 1468 roe
195 1401 306 1470 Cluvio
323 1404 473 1470 instituto
491 1409 548 1471 tuo
567 1409 802 1470 conserventur.
837 1403 899 1469 His
923 1404 961 1469 dc
983 1405 1079 1470 rebus

125 1513 163 1556 eo
182 1492 286 1578 magis
304 1493 425 1577 laboro,
443 1495 529 1578 quod
547 1495 723 1580 agiturres
737 1492 794 1560 On.
808 1492 955 1578 Pompeii
973 1493 1079 1576 etiam,

124 1581 229 1644 nostri
250 1582 435 1664 necessarii,
463 1586 495 1646 et
518 1583 603 1668 quod
629 1582 658 1646 is
680 1582 785 1668 magis
813 1583 910 1647 etiam
931 1581 1012 1646 mihi
1034 1582 1078 1645 la·

125 1669 239 1733 borare
261 1669 387 1734 ridetur
414 1692 511 1754 quam
537 1671 606 1755 ipse
630 1668 773 1754 Cluvius,
801 1671 852 1736 cui
880 1670 1080 1735 satisfactum

126 1777 196 1821 esse
225 1779 244 1821 a
270 1758 364 1822 nobis
392 1758 484 1822 valde
515 1759 596 1823 volo.
649 1757 711 1822 His
737 1759 776 1822 de
806 1759 901 1823 rebus
927 1761 961 1823 tc
987 1757 1080 1822 vehe-

125 1848 252 1910 menter
273 1845 372 1910 etiam
394 1848 491 1930 atque
514 1846 612 1910 etiem
634 1865 723 1930 rogo.

551 2037 652 2102 LVII.

266 2147 323 2204 Scr.
342 2147 496 2204 Laodiceae
514 2165 608 2221 mense
626 2149 728 2204 Martio
747 2166 772 2204 a.
790 2167 817 2204 u.
836 2165 860 2204 o.
880 2155 939 2204 ⁷94.

334 2271 462 2328 CICERO
482 2271 634 2329 THERMO
651 2272 778 2328 PROPR.
799 2273 874 2328 SAL.

102 2361 104 2368 ’
195 2369 266 2448 Quo
293 2373 397 2458 magis
424 2373 566 2458 quotidie
594 2396 633 2438 ex
659 2373 775 2439 litteris
802 2373 988 2458 nuntiisque
1014 2373 1115 2437 bel-1

126 2464 195 2528 lum
217 2482 373 2546 magnum
395 2482 464 2526 esse
486 2461 522 2526 in
544 2459 636 2546 Syrio
658 2483 831 2547 cognosce,
854 2483 891 2526 eo
914 2461 1082 2526 vehemen-

126 2550 193 2614 tius
212 2553 280 2614 ate
298 2571 357 2634 pro
375 2552 487 2615 nostra
504 2550 738 2616 necessitudine
756 2550 924 2635 contendo,
946 2554 983 2615 ut
1002 2550 1083 2615 mihi

127 2636 173 2702 M.
186 2637 349 2702 Anneium
370 2637 513 2724 legatum
534 2638 639 2723 primo
659 2660 784 2725 quoque
806 2642 951 2723 tempore
974 2639 1081 2703 remit-

127 2731 195 2809 tas;
217 2747 293 2790 nam
316 2727 383 2791 eius
407 2748 518 2811 opera,
540 2727 684 2810 consilio,
708 2727 842 2793 scientia
864 2727 912 2791 rei
933 2727 1081 2792 militaris

127 2814 181 2878 vel
202 2815 339 2879 maxime
361 2815 508 2900 intelligo
535 2836 586 2879 me
610 2819 643 2880 et
664 2837 732 2880 rem
753 2815 916 2900 publicam
939 2815 1083 2880 adiuvari

126 2924 231 2988 posse.
274 2901 366 2978 Quod
387 2903 452 2968 nisi
473 2906 567 2968 tanta
587 2923 639 2969 res
662 2903 729 2968 cius
753 2907 910 2988 ageretur,
931 2926 991 2970 nec
1012 2905 1082 2989 ipsc

127 2991 243 3056 adduci
271 2991 443 3075 potuisset,
469 2996 506 3057 ut
534 3014 553 3066 a
579 3013 631 3056 me
663 2991 850 3074 diseederet,
881 3013 985 3078 neque
1013 3003 1083 3076 ego,

126 3084 165 3144 ut
192 3101 265 3144 eum
292 3102 312 3143 a
338 3101 390 3144 me
418 3080 619 3145 dimitterem.
669 3079 741 3165 Ego
773 3081 808 3144 in
835 3079 981 3145 Ciliciam
1009 3101 1083 3163 pro-

126 3169 228 3235 ficisci
256 3168 362 3253 cogito
390 3168 515 3233 circiter
541 3167 580 3234 K.
607 3167 697 3233 Mei:
726 3173 801 3234 ante
829 3191 900 3234 eam
927 3169 1011 3233 diem
1038 3166 1083 3232 M.

199 3396 251 3466 Ep.
271 3402 353 3464 66,1.
388 3393 562 3464 Ἀλαβανδεῖς
581 3395 656 3464 (On).
693 3395 849 3451 Alabandis
866 3395 913 3461 M,
926 3393 1019 3464 vulgo.
1057 3399 1082 3449 2.

121 3469 304 3610 {liddeum
382 3467 476 3522 solvat.
515 3467 608 3521 Praet.
624 3465 747 3536 (vulgo).
784 3471 856 3520 cunt.
890 3465 975 3520 Velim
1051 3481 1083 3534 s,
