2658 3986
367 223 626 280 EPISTOLARUM
644 224 719 280 VIII.
739 231 817 280 6-8.
1004 224 1067 289 237

106 369 235 453 loquor,
258 370 292 433 et
314 353 466 454 dignitati
487 371 563 434 tuoe
583 368 819 454 aequitatisque
838 369 984 454 opinioni
1005 370 1070 436 hoc
1111 439 1115 448 ,

107 457 158 522 ita
179 457 286 522 facere
309 457 445 540 expedit.
482 457 590 542 Turpe
611 457 672 522 tibi
695 457 757 524 erit
778 457 955 543 pantheras
973 457 1069 524 Grae·

108 567 165 611 cas
187 567 240 612 me
261 566 331 611 non
351 545 479 611 habere.

554 739 629 805 VII.

278 849 335 906 Ser.
354 851 461 907 Romae
479 851 568 907 Nonis
586 851 696 907 Martiis
716 868 740 906 a
760 867 787 907 u.
806 867 830 908 e.
850 852 910 908 tol.

374 973 527 1030 CAELIUS
546 973 717 1032 CICERONI
736 975 812 1032 SAL.

178 1073 284 1150 Quam
302 1074 366 1140 cito
387 1079 424 1142 tu
441 1075 538 1141 istinc
556 1075 709 1142 decedere
728 1075 848 1160 cupias,
860 1075 986 1158 nesei03
1008 1096 1070 1161 ego
1090 1089 1105 1138 1

111 1163 243 1248 quidem
270 1185 307 1230 eo
336 1163 453 1249 magis,
480 1185 545 1248 quo
572 1163 677 1230 adhuc
704 1163 830 1231 felicius
859 1185 910 1230 res
934 1164 1072 1250 gessisti,

111 1251 189 1318 dum
212 1251 284 1317 istie
307 1252 383 1335 eris,
405 1252 445 1317 de
467 1253 544 1317 belli
565 1251 709 1318 Parthici
730 1252 873 1337 periculo
896 1252 1071 1336 cruciabor,

110 1362 153 1405 ne
175 1340 264 1406 huuc
286 1340 387 1406 risum
409 1362 517 1406 meum
539 1344 645 1406 metus
663 1341 764 1426 aliqui
783 1340 958 1425 perturbet
994 1339 1071 1406 Bre-

110 1429 217 1495 viores
245 1429 304 1494 has
331 1430 456 1494 litteras
482 1430 671 1515 properanti
696 1429 944 1514 publicanorum
969 1430 1070 1496 tabel-

111 1518 193 1583 lario
217 1517 325 1584 subito
349 1517 436 1602 dedi;
464 1521 522 1586 tuo
549 1519 665 1584 liberto
692 1517 840 1604 pluribus
866 1519 972 1584 verbis
995 1518 1070 1584 scri·

112 1610 186 1690 ptos
208 1607 312 1691 pridie
334 1606 493 1672 dederam.
528 1606 594 1673 Res
616 1610 725 1673 autem
742 1629 847 1674 novae
864 1608 975 1674 nullae
993 1629 1070 1672 sane
1089 1619 1106 1667 a

113 1694 309 1780 acciderunt,
330 1695 394 1760 nisi
416 1695 496 1761 haee
518 1696 566 1761 vis
589 1696 650 1762 tibi
669 1696 774 1780 scribi,
796 1718 878 1781 quae
901 1699 986 1762 certe
1008 1697 1071 1761 vis:

113 1781 304 1850 Cornificius
327 1785 513 1850 adolescens
536 1783 705 1850 Orestillae
728 1784 829 1850 filiam
851 1784 913 1850 sibi
934 1785 1070 1869 despon·

113 1871 174 1956 dit3
204 1871 319 1938 Paulla
345 1872 491 1959 Valeria,
524 1895 615 1939 soror
645 1873 775 1957 Triarii,
802 1873 975 1938 divortium
1002 1873 1071 1938 sine

113 1982 221 2045 causa,
244 1984 308 2046 quo
332 1961 384 2027 die
406 1962 455 2028 vir
478 1983 496 2026 o
518 1961 685 2047 provincia
706 1964 862 2028 venturus
880 1964 959 2046 erat,
980 1960 1070 2028 iecitt

113 2053 257 2135 nuptura
287 2053 339 2116 est
369 2049 409 2116 D.
440 2049 557 2134 Brut03
592 2049 738 2116 nondum
767 2048 825 2086 ²⁸*
847 2051 869 2131 †
890 2049 1070 2114 rettulerat.

113 2137 220 2202 Multa
241 2139 277 2203 in
298 2139 361 2205 hoe
384 2160 501 2226 genere
523 2138 724 2206 incredibilia
741 2141 775 2202 te
795 2137 928 2204 absente
950 2137 1071 2204 accide-

114 2231 203 2290 runt.
247 2225 374 2293 Servius
402 2227 513 2294 Ocella
539 2227 662 2293 nemini
690 2226 903 2312 persuasisset
928 2247 963 2291 se
985 2246 1070 2291 moe·

114 2314 213 2380 chum
231 2336 308 2400 esse,
329 2317 394 2381 nisi
410 2316 518 2382 triduo
536 2317 586 2382 bis
605 2315 822 2400 deprehensus
841 2317 934 2380 esset.
970 2313 1071 2390 Quae·

113 2424 179 2468 res:
193 2403 311 2488 „ubi⁴?“
330 2405 385 2470 sebi
397 2405 543 2471 hercules
557 2425 618 2491 ego
632 2405 765 2470 minime
778 2403 906 2470 vellem:
924 2403 1070 2487 relinquo

113 2491 187 2575 tibi,
218 2492 304 2577 quod
332 2493 373 2558 ab
401 2494 473 2558 aliis
500 2515 650 2578 quaeras;
680 2515 784 2578 neque
812 2493 898 2558 enim
925 2491 1072 2576 displicet
1094 2545 1096 2548 .

114 2580 193 2646 mihi
216 2582 444 2666 imperatorem
466 2583 611 2669 singulos
632 2582 824 2667 percontari,
847 2603 920 2646 cum
943 2581 1072 2666 quasit

115 2669 214 2754 aliqui
237 2669 465 2756 deprehensus.
1158 2669 1180 2690 ‘'

547 2845 638 2912 VIII.

208 2959 266 3016 Sor.
285 2959 392 3015 Romae
410 2960 525 3014 ineunte
543 2973 638 3014 meuse
656 2956 772 3014 Octobri
790 2971 815 3012 a.
834 2973 861 3012 u.
879 2973 904 3013 o.
923 2961 982 3014 ¹10⁸.
1027 2985 1030 2990 ·
1090 2963 1094 2969 ’

371 3079 525 3138 cramus
544 3081 715 3138 CICERONI
734 3080 809 3136 SAL.

179 3181 267 3268 Etsi,
294 3183 395 3250 dere
428 3183 558 3268 publica
584 3204 666 3268 quae
689 3183 749 3248 tibi
776 3181 928 3265 scribam,
957 3179 1105 3264 habeat

114 3277 225 3339 lamen
240 3270 332 3356 nihil,
346 3271 433 3356 quod
451 3272 555 3358 magis
574 3272 761 3358 gavisurum
778 3274 811 3336 te
829 3273 949 3356 putem,
966 3268 1070 3334 habeo

184 3429 236 3500 Ep.
257 3435 286 3499 t,
306 3436 329 3484 1.
366 3430 481 3500 petasati,
506 3429 572 3484 deun
596 3429 673 3497 (W).
723 3427 836 3498 gustati.
872 3425 950 3480 Dum
976 3425 1071 3496 vulgo.

114 3507 137 3555 2.
168 3501 274 3558 Paullo
293 3500 409 3572 (vulgo).
451 3501 547 3556 Paulo
563 3500 627 3556 ΜΒ.
647 3531 680 3540 -
703 3499 827 3554 aoadscn
844 3499 884 3534 **
897 3500 916 3563 †
929 3497 1072 3552 rettulerao

16 3623 17 3630 ,
113 3579 181 3649 (M).
214 3595 242 3633 a.
261 3594 303 3633 res
325 3591 392 3634 aeas
410 3575 465 3647 (vel
482 3575 579 3642 dotem
601 3571 743 3627 retulerit
761 3567 854 3640 (W.).?
884 3567 1008 3623 mam
1024 3572 1076 3622 rct-

16 3663 17 3690 2
113 3651 230 3705 tuleram
248 3649 278 3704 C.
296 3649 328 3704 F.
346 3646 500 3703 Hermanni
518 3643 599 3715 conj.‚
618 3643 649 3697 B.
