2676 3984
400 197 659 254 EPISTOLARUM
676 197 723 252 IX.
745 203 786 253 14.
807 203 848 252 15.
1040 194 1106 260 275

147 344 304 410 utendum
336 346 400 427 est,
431 343 569 428 contigit
601 342 688 408 enim
713 342 788 427 libi,
815 340 902 426 quod
928 341 1016 408 haud
1039 341 1107 408 scio'

147 455 191 498 au
208 432 341 517 nemini,
362 435 545 498 utsumma
563 432 715 497 severitas
734 430 1021 496 animadversionis
1038 451 1106 495 non

146 521 244 586 modo
267 542 336 586 non
361 520 536 605 invidiosa,
568 519 624 584 sed
653 520 751 585 etiam
772 519 939 605 popularis
967 522 1052 586 esset
1074 522 1110 582 et

147 632 248 694 quum
265 609 360 674 bonis
379 609 539 693 omnibuS,
560 611 631 674 tum
648 609 762 674 infimo
780 609 894 692 cuique
913 607 1106 694 gratissima.

146 697 220 764 Hoc
243 698 271 762 ei
293 698 354 762 tibi
379 697 513 762 fortuna
535 697 674 781 quadam
697 697 899 782 contigisset,
926 696 1107 782 gratularer

147 785 296 852 felicitati
309 789 399 869 tnae3
422 786 478 850 sed
493 785 631 872 contigit
643 786 866 872 magnitudine
885 807 985 870 quum
999 785 1107 869 animi,

147 878 218 940 tum
246 875 344 940 etiam
370 873 496 960 ingenii
522 877 618 958 atque
647 874 882 960 consiliiplegi
914 875 1001 939 enim
1032 895 1107 938 con·

147 962 275 1030 cionem
301 967 405 1027 tuam:
433 961 516 1026 nihil
537 963 594 1028 illa
617 963 810 1048 sapientius,
836 964 884 1027 ita
909 963 1107 1047 pedetentim

148 1055 182 1119 et
214 1051 376 1138 gradatim
402 1054 473 1116 tum
499 1070 646 1116 accessus
679 1054 757 1115 ate
790 1051 831 1115 ad
858 1072 989 1116 causam
1019 1051 1108 1134 facti,

147 1144 219 1205 tum
241 1161 396 1224 recessus,
417 1143 456 1205 ut
477 1161 529 1204 res
551 1139 623 1223 ipsa
641 1140 863 1204 maturitatem
880 1139 941 1204 tibi
964 1139 1108 1204 animad-

148 1228 295 1295 vertendi
323 1227 468 1294 omnium
496 1248 661 1294 concessu
678 1228 777 1293 daret.
822 1227 983 1293 Liberasti
1008 1228 1143 1314 igiture
1267 1323 1269 1328 ι

148 1315 183 1382 et
204 1317 318 1383 urbem
339 1317 482 1401 periculo
510 1319 544 1381 et
566 1317 729 1382 civitatem
751 1320 855 1400 metu,
876 1338 980 1402 neque
1004 1317 1108 1382 solum

148 1405 191 1470 ad
212 1410 341 1491 tempus
364 1405 538 1470 maximam
560 1405 744 1470 utilitatem*
757 1405 909 1489 attulisti,
931 1405 987 1470 sed
1010 1406 1109 1472 etiam

148 1492 192 1559 ad
223 1495 419 1578 exemplum
467 1515 529 1572 quo
556 1493 644 1559 facto
676 1494 858 1580 intelligere
890 1493 986 1560 debes
1013 1495 1049 1559 in
1075 1497 1108 1560 te

147 1582 291 1666 positam
314 1603 382 1647 esse
400 1603 468 1648 rem
486 1582 649 1666 publicam
666 1583 789 1667 tibique
807 1604 875 1649 non
897 1583 993 1650 modo
1016 1586 1108 1648 tuen·

149 1671 223 1754 dos,
246 1670 301 1736 sed
325 1670 423 1736 etiam
451 1669 614 1737 ornandos
637 1693 706 1738 esse
728 1672 802 1738 illos
824 1671 926 1757 viros,
949 1694 968 1736 a
991 1672 1108 1756 quibus

147 1759 280 1825 initium
301 1757 461 1824 libertatis
483 1759 665 1843 proiectum
688 1763 746 1825 est.
791 1756 854 1826 Sed
875 1759 927 1825 his
951 1760 989 1824 de
1011 1760 1108 1826 rebus

149 1869 260 1914 coram
282 1849 376 1932 plura
398 1848 593 1932 propediem,
615 1852 653 1912 ut
675 1869 781 1932 spero:
804 1851 842 1914 tu
864 1848 1017 1932 quoniam
1040 1870 1109 1912 rem

147 1936 314 2022 publicam
331 1957 455 2021 nosque
474 1957 656 2019 conservas,
677 1937 739 2020 fac,
756 1939 795 2002 ut
812 1936 1108 2022 diligentissimam

148 2025 266 2112 ipsum,
287 2025 333 2090 mi
354 2023 535 2109 Dolabella,
560 2024 731 2090 custodias.

593 2217 665 2283 XV.

240 2329 298 2388 Ser.
316 2330 422 2388 Romae
440 2332 506 2402 post
523 2329 583 2385 VH.
603 2330 666 2385 Kal.
686 2329 805 2386 Sextiles
824 2347 848 2386 a.
868 2348 895 2385 u.
914 2347 938 2387 e.
958 2336 1018 2388 708.

469 2452 598 2511 CICERO
617 2453 738 2510 Pluto
757 2453 784 2512 S.

217 2553 353 2621 Duabus
367 2625 370 2632 ,
384 2553 451 2620 tuis
482 2555 627 2640 epistolis
658 2554 872 2641 respondebo:
909 2556 980 2642 uni,
1012 2579 1142 2642 quam1

149 2643 322 2731 quatriduo
355 2645 432 2708 ante
463 2664 648 2728 acceperam
677 2666 698 2709 a
723 2642 839 2728 Zetho,
874 2644 980 2729 alteri,
1012 2667 1109 2731 quam

150 2734 307 2799 attulerat
336 2730 484 2798 Phileros
515 2732 711 2798 tabellarius.
764 2731 815 2798 Ex
849 2733 1012 2818 prioribus
1043 2735 1108 2799 tuis

149 2821 268 2886 litteris
287 2821 432 2885 intellexi
449 2825 635 2906 pergratam
648 2821 722 2861 *²⁸*
736 2820 796 2886 tibi
814 2825 1019 2908 perspectum
1039 2843 1108 2888 esse

151 2909 291 2997 gaudeo,
314 2909 380 2994 sed,
397 2909 477 2974 mihi
496 2909 597 2994 erede,
618 2931 687 2975 non
704 2909 847 2996 perinde,
865 2912 903 2976 ut
921 2913 972 2976 eet
987 2933 1109 2996 reapse,

150 3021 190 3064 ex
216 2998 334 3064 litteris
361 2997 542 3083 perspicere
568 2999 717 3082 potuisti:
744 3019 834 3084 nam,
860 3021 961 3084 quum
987 3022 1007 3065 a
1030 3001 1108 3065 satis

150 3087 318 3154 multis-
332 3107 402 3153 non
424 3087 511 3152 enim
532 3107 666 3172 possum
688 3087 781 3153 aliter
803 3087 908 3154 dicere
926 3124 968 3136 -
990 3091 1024 3152 et
1046 3088 1109 3153 coli
1137 3143 1139 3148 .

150 3175 208 3243 me
220 3175 347 3243 videam
364 3177 398 3241 ot
416 3174 516 3262 diligi,
538 3196 634 3242 nemo
653 3178 703 3242 est
718 3175 848 3243 illorum
867 3177 1009 3242 omnium
1029 3175 1108 3240 mihi

221 3331 376 3406 Ep.14,'l.
409 3333 572 3403 pedetentim
590 3333 705 3404 (vulgo).
738 3333 927 3402 pedetemptim
949 3331 1013 3386 ΜΒ.
1054 3331 1106 3402 Ep.

151 3408 194 3473 lt,
210 3410 234 3460 1.
266 3408 428 3474 pergratam
446 3405 513 3442 *¹⁸*
531 3405 583 3458 tibi
606 3405 681 3472 (W.).
727 3403 840 3459 Excidit
861 3404 914 3456 tibi
936 3419 989 3458 esee
1013 3419 1107 3458 emam

149 3491 237 3532 meam
253 3476 420 3532 sulmodium
437 3480 501 3530 tuoe
515 3477 688 3544 animumque
705 3491 771 3545 erpa
788 3480 813 3528 te
826 3489 922 3540 memo,
936 3490 1011 3543 quem
1030 3472 1106 3542 (Or).

151 3545 277 3602 simileve
295 3546 412 3616 aliquid.
444 3562 536 3616 perer.
555 3547 608 3600 tibi
625 3545 796 3615 ***perep.
814 3543 845 3598 B.

842 3632 894 3686 18*
