2578 3982
241 246 308 312 616
524 245 561 301 Μ.
580 243 704 299 TULLII
722 241 915 298 CICERONIS

610 490 682 559 xv.
711 488 825 580 [xvc]
934 415 941 428 ⁸

330 605 387 664 Sor.
410 605 516 662 Romae
539 607 657 660 exeunte
682 621 778 660 mensa
797 603 896 659 Sextili
914 619 938 659 a
958 620 987 660 u.
1007 621 1033 659 c.
1055 609 1124 660 700.

347 728 515 786 MARCUS
533 727 690 800 QUINTO
703 726 866 783 FRATRI
883 726 1102 784 SALUTEM.

214 849 227 892 ι
308 830 414 908 Quum
436 851 457 895 a
478 849 530 894 me
552 829 677 894 litteras
698 827 821 892 librarii
844 847 943 892 manu
964 828 1152 914 acceperis,
1174 849 1215 894 ne

240 921 385 1006 paullum
407 919 530 1002 quidem
556 937 607 981 me
639 917 698 981 otii
728 915 881 981 habuisse
910 915 1072 1001 iudicato,
1110 939 1213 1002 quum

241 1013 350 1075 autem
372 1028 458 1090 mea,
484 1006 641 1090 paullum:
674 1005 720 1069 sic
746 1004 834 1068 enim
859 1003 993 1089 habeto,
1021 1025 1213 1090 numquam

241 1119 294 1164 me
321 1095 468 1161 acaus'is
495 1097 529 1160 et
554 1092 680 1160 iudiciis
712 1091 938 1157 districtiorem
969 1092 1075 1157 fuisse
1113 1099 1213 1178 atque

241 1185 275 1251 id
298 1185 376 1250 anni
403 1187 548 1269 tempore
576 1182 767 1268 gravissimo
794 1183 828 1245 et
854 1179 1013 1245 caloribus
1045 1183 1213 1248 maximis.

242 1273 305 1340 Sed
327 1273 416 1358 haec,
438 1271 592 1357 quoniam
613 1274 650 1335 tu
673 1271 720 1336 ita
736 1267 937 1353 praescribis,
957 1267 1102 1334 ferenda
1126 1275 1212 1353 sunt,

241 1383 345 1446 neque
368 1359 647 1441 committendum,
675 1362 713 1422 ut
744 1361 801 1423 aut
827 1355 896 1441 spei
922 1360 980 1421 aut
1006 1358 1211 1443 cogitationi

240 1457 368 1515 vestrae
399 1470 461 1534 ego
487 1448 597 1512 videar
623 1446 777 1530 defuisse,
807 1444 996 1530 praesertim
1025 1466 1155 1532 quum,
1187 1448 1210 1511 si

241 1538 275 1603 id
298 1536 460 1601 difficilius
482 1535 594 1619 fuerit,
619 1538 730 1600 tamen
752 1555 791 1598 ex
816 1533 880 1598 hoc
906 1533 1017 1598 labore
1047 1555 1210 1620 magnam

242 1625 381 1712 gratiam
416 1643 631 1709 magnamque
667 1622 858 1708 dignitatem
899 1619 960 1685 sim
996 1621 1210 1689 collecturus.

241 1713 365 1798 Itaque,
387 1715 425 1778 ut
445 1712 506 1776 tibi
523 1713 638 1796 placet,
660 1711 773 1775 damus
792 1730 932 1793 operam,
953 1730 996 1774 ne
1015 1711 1117 1776 cuius
1144 1713 1209 1777 aui·

242 1825 331 1869 mum
358 1801 558 1867 offendamus
586 1802 681 1884 atque
704 1802 742 1863 ut
768 1798 865 1862 ctiam
893 1797 935 1861 ab
956 1797 997 1862 iis
1020 1798 1124 1884 ipsis,
1157 1803 1209 1885 qui

241 1913 302 1956 nos
325 1912 398 1957 cum
421 1888 556 1955 Caesare
576 1892 644 1952 tam
667 1887 856 1952 coniunctos
875 1886 994 1969 dolent,
1017 1885 1209 1974 diligamur,

243 1981 284 2044 ab
312 1980 423 2064 aequis
449 1998 525 2043 vero
553 1980 610 2041 aut
636 1976 734 2041 etiam
755 1975 924 2060 propensis
950 1974 986 2038 in
1012 1974 1106 2041 hanc
1136 1999 1209 2062 par-

215 2077 309 2134 stem
331 2067 538 2133 vehementer
556 2068 589 2129 et
606 2066 749 2129 colamur
767 2066 800 2128 et
818 2083 969 2127 amemur.
1005 2061 1057 2128 De
1078 2066 1208 2131 ambitu

242 2178 342 2240 quum
369 2155 568 2221 atrocissime
596 2156 746 2238 ageretur
772 2152 808 2216 in
835 2153 949 2216 senatu
972 2151 1100 2218 multos
1128 2155 1208 2238 dics,

242 2244 328 2330 quod
357 2244 405 2309 ita
431 2247 525 2307 erant
550 2240 713 2326 progressi
740 2239 903 2305 candidati
934 2239 1144 2325 consulares,
1172 2248 1209 2307 ut

241 2354 310 2399 non
332 2335 417 2398 esset
438 2330 619 2412 ferendum,
645 2329 681 2392 in
707 2331 823 2393 senatu
849 2348 918 2392 non
939 2327 1001 2392 fui:
1029 2330 1138 2394 statui
1167 2332 1207 2395 sd

242 2421 366 2486 nullam
392 2419 584 2483 medicinam
609 2418 658 2482 rei
683 2417 830 2502 publicae
862 2416 932 2480 sine
958 2435 1083 2500 magno
1112 2441 1207 2502 prae

215 2509 325 2574 asidio
348 2506 505 2571 accedere.
550 2504 620 2580 Quo
648 2505 699 2569 die
721 2504 801 2568 hacc
824 2504 950 2588 scripsi,
978 2503 1111 2570 Drusus
1135 2512 1206 2572 erat

243 2597 282 2662 de
304 2593 578 2682 praevaricatione
601 2615 620 2656 a
642 2593 781 2658 tribunis
804 2592 935 2658 aerariis
958 2591 1148 2680 absolutus,
1171 2597 1204 2660 in

242 2707 367 2752 summa
386 2686 538 2769 quattuor
556 2681 734 2765 sententiis,
757 2702 856 2764 quum
874 2683 1040 2746 senatores
1057 2685 1095 2746 et
1114 2685 1203 2767 equi-

241 2780 291 2842 tes
308 2774 525 2840 damnassent.
560 2768 634 2855 Ego
652 2769 765 2834 eodem
782 2768 834 2833 die
853 2771 931 2852 post
947 2767 1117 2834 meridiem
1136 2771 1202 2836 Va

241 2865 358 2929 tioium
381 2883 468 2926 eram
487 2859 689 2924 defensurus:
712 2877 819 2922 eures
837 2856 942 2922 facilis
961 2861 1018 2922 est.
1057 2853 1203 2924 Comitia

241 2953 277 3018 in
299 2969 442 3015 mensem
465 2945 685 3033 Septembrem
706 2944 826 3011 reiecta
852 2947 937 3010 sunt.
982 2943 1096 3010 Scauri
1119 2947 1201 3014 iudi·

242 3041 326 3106 cium
359 3035 468 3101 statim
500 3035 711 3118 exercebitur,
745 3034 798 3099 cui
828 3055 889 3098 nos
924 3055 993 3099 non
1028 3031 1200 3102 deerimus

241 3126 476 3200 Σοοδείπνοος
505 3121 735 3206 Σοφοκλέους,
765 3143 960 3206 quamquam
986 3143 1007 3186 a
1027 3125 1061 3186 te
1091 3127 1200 3189 actam
1260 3171 1261 3204 ,

134 3289 136 3294 ¹
239 3215 393 3280 fabellam
423 3211 516 3277 video
549 3233 618 3276 esse
640 3211 771 3295 festive,
802 3209 892 3275 nullo
924 3209 1020 3275 modo
1052 3211 1199 3295 probavi.
1260 3209 1261 3268 i

213 3301 347 3369 rVenio
374 3321 462 3366 nune
490 3300 530 3365 ad
557 3299 604 3384 id,
633 3298 720 3383 quod
751 3298 859 3363 nescio
888 3319 931 3364 an
956 3298 1099 3383 primum
1129 3322 1198 3366 esse

276 3581 286 3634 l
309 3509 459 3581 Ep.15,1.
486 3512 537 3564 aut
554 3509 638 3563 etiam
650 3508 799 3576 propensis
811 3507 886 3575 (W.).
921 3524 947 3562 ο.
966 3522 988 3562 c.
1002 3523 1022 3562 ο
1038 3522 1085 3576 pr.
1103 3507 1195 3576 llll-1,

239 3600 276 3636 vu
288 3597 333 3651 go.
