2578 3982
212 256 471 312 EPISTOLARUM
484 257 534 310 AD
550 256 581 323 Q.
596 255 773 312 FRATREM
787 257 836 312 ΠΙ.
849 261 929 311 4-6.
983 252 1050 320 635

93 401 233 467 orationi
264 401 415 487 ponderis
448 401 602 466 afferebat
632 437 689 485 -,
724 401 749 466 ii
778 399 853 465 libri
885 419 984 484 quum
1015 399 1051 464 in

93 489 277 554 Tusculano
305 489 385 554 mihi
410 491 596 575 legerentur
621 489 771 554 audiente
799 486 966 571 Sallustio,
997 486 1050 551 ad·

93 578 238 643 monitus
262 599 333 643 sum
356 578 476 644 abillo
499 579 601 644 multo
624 577 745 642 maiore
772 577 964 642 auctoritate
987 575 1051 640 illis

93 665 254 731 derebus
277 665 340 730 diei
361 687 466 750 posse,
489 667 517 732 si
539 667 608 752 ipse
630 666 779 750 loquerer
801 665 840 729 de
857 685 893 730 re
912 663 1052 748 publiea,

94 754 284 839 praesertim
312 775 411 838 quum
443 775 546 821 essem
576 776 644 818 non
670 753 857 840 Heraclides
888 752 1052 835 Ponticus,

94 842 152 907 aed
175 843 352 908 consularis
375 847 408 907 et
430 843 468 927 is,
490 844 546 927 qui
568 843 603 907 in
626 843 773 907 maximis
791 844 937 907 versatus
959 841 994 905 in
1017 861 1051 905 re

95 931 225 1015 publiea
246 931 343 996 rebus
366 952 484 1014 essem3
507 952 589 1015 quae
611 934 680 995 tam
703 930 844 1014 antiquis
866 929 1051 995 hominibus

95 1019 319 1103 attribuerem,
342 1041 381 1084 ea
402 1021 508 1085 visum
529 1020 570 1083 iri
591 1019 668 1084 fieta
691 1040 773 1102 esse3
800 1021 965 1083 oratorum
988 1038 1052 1081 ser·

95 1129 226 1173 monem
248 1108 283 1172 in
305 1109 370 1172 illis
393 1109 513 1174 nostris
535 1107 636 1192 libris,
659 1108 714 1192 qui
736 1109 846 1172 essent
868 1105 906 1170 do
926 1105 1052 1170 ratione

96 1195 232 1281 dicendi,
254 1197 336 1261 belle
360 1218 380 1260 a
402 1218 453 1260 me
473 1197 658 1280 removisse,
681 1195 723 1260 ad
745 1217 801 1261 eos
823 1198 934 1259 tamen
953 1196 1053 1258 rettu-

96 1285 180 1368 lisse,
204 1306 284 1368 quos
302 1285 371 1369 ipre
389 1285 556 1368 vidissem3
579 1284 789 1349 Aristotelem
807 1283 952 1368 denique,
970 1302 1053 1366 quae

96 1373 136 1437 de
158 1395 193 1437 ra
216 1374 346 1457 publiea
368 1377 402 1438 et
423 1374 602 1459 praestanti
624 1373 694 1438 uiro
718 1372 850 1455 scribat,
879 1373 986 1456 ipsum
1007 1370 1053 1434 lo·

96 1461 161 1545 qui.
207 1459 390 1528 Oommovit
419 1484 485 1547 me,
512 1465 545 1526 et
571 1483 609 1527 eo
636 1461 755 1547 magis,
782 1460 868 1545 quod
897 1459 1080 1525 maximosa

98 1553 205 1616 motus
220 1553 350 1616 nostrae
369 1551 508 1616 ciuitatis
527 1551 686 1636 attingere
704 1571 773 1616 non
789 1552 947 1634 poteram,
968 1547 1054 1632 quod

98 1642 191 1703 erant
213 1638 382 1705 inferiores
406 1640 654 1724 quam‘illorum
677 1641 780 1722 aetas,
803 1638 858 1722 qui
879 1637 1054 1721 loqueban-

97 1730 165 1809 tur,
188 1747 249 1811 ego
264 1730 380 1791 autem
402 1727 436 1791 id
458 1728 565 1810 ipsum
586 1730 658 1792 tum
680 1747 768 1790 eram
791 1728 934 1808 secutus,
955 1745 997 1789 na
1019 1725 1055 1787 in

98 1817 212 1878 nostra
245 1818 394 1896 tempora
429 1814 596 1879 incurrens
633 1813 827 1879 offenderem
863 1812 1054 1897 quampiam.

98 1900 196 1968 Nune
219 1905 252 1966 et
273 1900 306 1965 id
329 1901 439 1967 vitabo
462 1906 495 1966 et
516 1903 631 1986 loquar
653 1902 721 1986 ipse
743 1904 863 1984 tecum,
891 1903 925 1964 et
945 1904 1056 1964 tamen

99 1991 169 2074 illa,
201 2011 282 2075 quae
309 1990 527 2074 institueram,
558 1989 599 2054 ad
631 1993 677 2074 te,
708 1989 736 2053 si
762 1989 899 2054 Romam
928 2008 1055 2071 venero,

99 2079 241 2162 mittam;
271 2080 352 2162 puto
384 2078 470 2142 enim
501 2083 533 2142 te
566 2078 821 2143 existimaturum
853 2099 873 2142 a
900 2097 951 2141 me
982 2076 1055 2140 illos

100 2167 200 2232 libros
222 2187 291 2232 non
314 2166 383 2230 siue
406 2167 513 2251 aliquo
536 2187 608 2232 meo
632 2165 799 2231 stomacho
827 2187 895 2232 assa
917 2165 1055 2229 relictos.

99 2253 247 2320 Caesaris
270 2275 389 2338 amore,
411 2275 506 2339 quem
529 2253 570 2319 ad
592 2275 643 2319 me
665 2254 865 2338 perscripsit,
886 2253 980 2318 unice
1003 2252 1083 2316 das

99 2344 215 2428 laetor,
237 2341 404 2429 promissis
426 2343 475 2427 iis,
497 2363 579 2427 quae
602 2342 752 2426 ostendit,
773 2363 841 2408 non
863 2340 956 2407 valde
979 2361 1056 2426 pen·

100 2431 174 2497 deo:
202 2453 262 2497 neo
289 2431 363 2496 sitio
389 2431 530 2497 honores
557 2451 617 2497 neo
645 2429 790 2496 desidero
813 2430 963 2516 gloriam,
990 2451 1057 2493 ma·

99 2520 215 2605 gisque
237 2521 305 2585 eius
328 2519 504 2585 voluntatis
527 2520 775 2605 perpetuitatem
802 2541 899 2604 quam
921 2518 1056 2602 promis-

101 2629 212 2672 sorum
229 2609 349 2673 exitum
368 2613 531 2692 exspect03
553 2608 627 2674 vivo
644 2612 754 2673 tamen
771 2608 806 2672 in
824 2629 862 2672 ea
881 2607 1057 2672 ambitione

101 2699 137 2761 et
161 2697 284 2780 labore,
316 2697 337 2775 †
365 2717 462 2780 quam
488 2695 535 2780 id,
566 2696 652 2780 quod
679 2717 747 2762 non
773 2697 916 2780 postulo,
947 2716 1056 2778 exspe-

101 2787 196 2850 otem.
231 2784 324 2861 Quod
346 2805 398 2849 me
421 2783 460 2848 de
483 2784 628 2848 versibus
650 2783 805 2848 faciendis
827 2803 933 2868 rogas,
955 2782 1084 2847 inore-e

101 2872 200 2938 dibile
233 2877 295 2956 est,
327 2873 371 2936 mi
402 2871 517 2955 frater,
546 2893 643 2956 quam
669 2891 782 2957 egeam
808 2874 966 2955 tempore,
997 2891 1057 2936 neo

101 2983 181 3026 sane
204 2961 283 3026 satis
306 2981 509 3025 commoveor
531 2960 639 3026 animo
667 2958 708 3023 ad
731 2980 782 3043 ea,
810 2980 891 3044 quae
918 2959 980 3042 vis,
1007 2980 1057 3024 oa·

100 3049 219 3116 nenda.
263 3041 462 3132 ῗάμπῶτεις
483 3069 559 3113 vero
582 3047 623 3113 ad
646 3069 698 3132 ea,
727 3068 809 3132 quaa
836 3047 905 3131 ipse
932 3067 993 3132 ego
1016 3067 1057 3112 ne

174 3239 227 3311 Ep.
238 3245 262 3296 v5
281 3241 311 3296 at
329 3245 393 3309 e,1.
430 3241 462 3296 in
479 3241 637 3310 republica
655 3240 770 3311 (vulgo).
807 3240 851 3312 [in
868 3257 897 3295 re
910 3237 954 3311 p]
973 3239 1004 3294 Β.
1023 3269 1057 3280 -

99 3313 255 3382 quiessent
281 3309 355 3381 (W.).
401 3313 562 3381 prodesset
587 3311 685 3380 Mai,
707 3311 803 3382 vulgo.
848 3317 873 3366 3.
897 3311 1059 3380 persortpsit

100 3383 170 3466 (M).
208 3383 326 3467 'emittit
351 3381 384 3435 a.
429 3383 577 3450 perscribit
598 3383 622 3467 ¹:
665 3383 814 3451 perseribis
841 3380 955 3450 (Man.)?
995 3397 1058 3464 per·

100 3451 707 3609 aosmsuufapoo„pa
724 3451 834 3591 ra
847 3452 1059 3591 aaroni

101 3594 380 3664 rass(e.‚101.,lt.).
413 3599 610 3656 Λνατυπωσεις
623 3592 709 3664 (Or.)?
745 3591 1050 3660 †AMHaE12M.,B
