2676 3984
15 741 18 820 Ι

15 823 18 968 l

255 231 334 296 ‘302
551 233 589 286 Μ.
609 229 733 287 TULLII
751 231 942 289 OIOEBONIS

715 482 773 549 VI.
903 489 906 496 ’

270 570 278 608 ⁷
373 581 375 587 ’
397 595 455 651 Sor.
474 595 579 650 Romae
597 573 672 650 IiIIl.
691 593 753 649 Kal.
772 595 884 666 Apriles
903 611 927 650 a.
947 614 973 650 u.
993 613 1016 652 o.
1037 600 1096 652 711.

534 781 537 786 ,
597 719 726 777 CICERO
744 719 898 786 PLANCO.
1031 779 1035 786 ,

234 833 247 880 1
334 818 423 896 Quae
446 820 573 885 loeutus
600 823 651 885 eet
672 819 813 885 Furnius
840 825 951 885 noster
973 819 1012 884 de
1036 821 1146 886 animo
1169 826 1226 887 tuo

268 909 304 972 in
336 929 404 972 rem
435 908 612 993 publicam,
644 928 683 973 ea
714 909 899 994 gratiesIma
929 906 1063 974 fuerunt
1089 912 1226 994 senatui,

267 997 390 1081 populo
407 996 556 1063 Romano
574 993 814 1083 probatissima3
837 1019 919 1082 quae
942 1002 1051 1062 autem
1072 999 1226 1064 recitatae

267 1085 394 1152 litterae
417 1088 495 1151 sunt
515 1086 550 1150 in
573 1089 699 1170 senatu,
719 1107 924 1170 nequaquam
937 1082 1129 1152 ¹consentire
1144 1105 1224 1153 ‘oum

267 1173 381 1239 Ilurnii
403 1175 550 1241 oratione
573 1176 661 1240 visae
684 1179 774 1258 sunt3
796 1176 885 1260 paois
904 1175 990 1240 enim
1009 1179 1123 1242 auctor
1145 1196 1226 1261 eras,

268 1285 367 1347 quum
394 1265 457 1329 ooll
544 1267 634 1348 tuus,
665 1264 715 1329 vir
743 1264 951 1348 clarissimus,
982 1285 1003 1328 a
1028 1264 1226 1330 foedissimis

266 1352 447 1416 latronibus
458 1283 679 1437 effsideretur,
702 1353 757 1438 qui
780 1356 838 1416 aut
853 1353 971 1442 positis
992 1354 1090 1418 armis
1112 1375 1225 1438 paoem

267 1443 383 1524 petere
408 1435 527 1504 debent
557 1445 627 1525 aut,
664 1441 691 1505 si
722 1446 906 1527 pugnantes
939 1463 1010 1506 eam
1046 1443 1227 1527 postulant,

266 1527 402 1593 viatoria
422 1550 500 1614 pax,
526 1549 595 1595 non
617 1530 767 1614 pactione
789 1529 945 1614 parienda
972 1533 1030 1595 est.
1081 1530 1156 1614 Sed,
1183 1530 1224 1595 de

266 1635 345 1702 paee
366 1617 494 1682 litterae
521 1620 572 1685 vel
595 1617 709 1702 Lepidi
735 1619 786 1684 vel
808 1623 887 1684 tuae
911 1638 1008 1704 quam
1034 1620 1070 1684 in
1096 1623 1224 1704 partem

267 1709 416 1790 aoaeptae
439 1707 528 1790 sint,‘
541 1728 580 1772 ex
601 1707 670 1772 viro
695 1708 827 1792 optimo,
849 1707 949 1772 fratre
969 1711 1043 1792 tuo,
1070 1711 1165 1773 etex
1188 1706 1224 1796 C.

231 1792 388 1860 anurnio
410 1796 532 1879 poteris
556 1814 758 1881 cognoscere.
803 1795 856 1860 Mo
884 1800 992 1860 autem
1018 1797 1149 1882 impufit
1174 1798 1225 1861 tui

266 1884 396 1969 caritas·²
423 1887 473 1968 ut,
500 1905 696 1969 quamquam
717 1906 778 1950 neo
803 1885 865 1950 tibi
885 1885 950 1969 ipsi
976 1886 1147 1950 eonsilium
1170 1886 1223 1950 de-

265 1977 354 2038 esset
383 1975 416 2037 et
446 1973 557 2038 fratris
587 1971 763 2059 Furniique
799 1974 1025 2039 benevolentia
1055 1975 1226 2059 fidelisque

264 2061 438 2147 prudentia
463 2062 525 2126 tibi
551 2067 681 2148 praesto
708 2065 794 2127 esset
819 2062 942 2146 futura,
969 2064 1085 2128 vellem
1111 2066 1224 2128 tamen

265 2171 355 2215 meae
377 2171 505 2235 quoque
532 2152 733 2217 auctoritatis
760 2172 819 2235 pro
846 2152 993 2234 plurimis
1019 2153 1140 2219 nostris
1167 2173 1224 2216 ne-

265 2239 513 2305 cessitudinibus
536 2243 743 2324 praeceptum
770 2240 811 2304 ad
832 2243 866 2305 te
889 2241 1020 2324 aliquod
1045 2241 1223 2324 pervenire.

266 2323 366 2392 Crede
389 2328 491 2413 igitur
512 2329 601 2412 mihi,
622 2327 750 2417 Plenas,
773 2350 894 2413 omnes,
917 2351 998 2413 quos
1020 2329 1126 2394 adhue
1149 2350 1221 2415 gra

265 2415 325 2480 dus
348 2415 517 2500 dignitatis
540 2421 731 2481 oonseoutus
758 2416 802 2482 eis
825 2453 867 2464 --
891 2439 925 2482 es
949 2421 1057 2482 autem
1084 2418 1224 2502 adeptus

265 2503 481 2588 amplissimos
504 2539 560 2588 -,
587 2525 642 2570 eos
674 2504 835 2570 honorum
864 2507 1224 2590 voeabula-habituros,

265 2613 333 2656 non
355 2591 523 2680 dignitatis
546 2593 697 2680 insignia,
719 2593 782 2658 nisi
800 2597 832 2658 te
851 2615 925 2659 oum
942 2596 1090 2660 libertate
1109 2597 1223 2680 populi

264 2679 408 2745 Romani·
440 2684 474 2745 et
505 2701 578 2746 oum
615 2685 746 2748 senatus
779 2684 971 2748 auctoritate
1008 2685 1223 2750 coniunxeris.

265 2767 405 2855 Seiunge
427 2772 473 2854 te,
500 2791 634 2856 quaeso,
657 2771 830 2856 aliquando
859 2771 900 2836 ab
927 2771 980 2856 iis,
1006 2793 1080 2838 oum
1104 2773 1224 2856 quibus

263 2861 297 2922 te
319 2878 388 2924 non
413 2862 507 2924 tuum
533 2859 700 2944 iudicium,
727 2860 785 2925 sed
806 2863 989 2944 temporum
1011 2861 1119 2926 vinela
1145 2883 1222 2926 oon-

229 2955 245 3002 3
263 2947 446 3012 iunxerunt
483 2945 672 3034 Complures
690 2949 725 3012 in
743 2949 986 3033 perturbatione
1009 2949 1223 3034 reipublicae

264 3037 449 3101 consulares
477 3036 567 3121 dieti,
595 3057 732 3123 quorum
759 3059 855 3102 nemo
884 3038 1062 3103 consularis
1089 3038 1223 3104 habitus

264 3129 309 3190 et
328 3125 392 3190 nisi
415 3125 470 3209 qui
493 3126 749 3192 animoexstitit
770 3126 805 3190 in
827 3147 896 3190 rom
923 3126 1085 3210 publicam
1107 3147 1223 3192 oonsu-

264 3214 332 3278 lari.
378 3213 490 3278 Talem
512 3214 612 3300 igitur
633 3218 666 3280 te
689 3235 759 3278 essa
782 3217 924 3299 oportet,
946 3216 1002 3300 qui
1024 3215 1164 3300 primum
1188 3219 1225 3279 te

264 3301 305 3366 ab
331 3303 505 3387 impiorum
532 3303 649 3368 civium
679 3303 728 3367 tui
756 3301 1041 3369 dissimillimorum
1068 3305 1226 3370 societate

263 3510 387 3651 wlaglp.
407 3518 436 3578 6,
456 3517 481 3566 1.
520 3510 642 3578 emtas,
661 3467 768 3580 popolo
790 3509 826 3567 R.
849 3511 915 3583 (ll).
960 3529 982 3568 e.
1006 3515 1162 3586 populoque
1185 3513 1224 3568 R.
