2556 3986
228 247 294 310 580
511 243 549 299 Μ.
568 243 692 299 TULLII
709 241 900 298 CICERONIS

228 389 493 476 occupationibus
518 388 584 454 tuis
611 388 718 453 minus
741 386 977 465 animadversa,
1003 405 1094 451 nunc
1117 407 1189 472 per-
1271 381 1272 388 '

228 480 315 564 spice
328 483 363 544 et
379 497 492 563 purga.
528 475 608 562 Legi
622 476 802 560 epistolam,
816 497 912 560 quarn
931 475 999 559 ipse
1018 475 1188 560 scripsisse

228 565 318 632 Sulla
340 566 563 632 nomenclator
585 562 689 629 dictus
712 567 770 646 est,
791 585 860 628 non
882 563 1099 648 probandam,
1122 565 1189 650 legi
1272 645 1273 648 Ἴ

189 673 215 713 ¹0
228 655 403 721 nonnullas
424 651 604 718 iracundas.
649 649 712 717 Sed
738 656 883 736 tempore
909 651 981 736 ipro
1003 651 1051 716 de:
1067 651 1187 736 episto·

227 744 282 825 lis3
305 764 391 825 narn,
414 761 512 825 quum
534 741 619 805 hanc
641 740 796 825 paginam
817 742 970 824 tanmem,
992 738 1028 804 L.
1044 737 1187 825 Flavius,

228 835 358 915 praetor
380 829 580 914 dampnatus,
602 827 644 893 ad
666 849 717 892 me
739 827 842 912 venit,
868 828 965 893 bomo
987 827 1070 892 mihi
1093 829 1187 894 valde

228 919 411 984 familiaris:
433 917 461 981 is
484 916 573 999 mibi,
594 919 628 980 te
650 915 691 980 ad
714 919 937 1000 procuratores
959 937 1036 982 suos
1058 916 1186 984 litteras
1273 921 1274 982 ἶ

229 1007 363 1090 misisse,
384 1025 466 1090 quae
489 1004 570 1070 mihi
592 1004 679 1068 visae
702 1003 1025 1088 suntiniquissimae,
1046 1006 1187 1090 nequid
1211 1039 1215 1044 ·
1274 1028 1275 1118 p

227 1095 269 1160 da
291 1095 399 1177 bonis,
426 1114 507 1177 quae
530 1091 566 1156 L.
589 1090 714 1156 Octavii
736 1089 877 1157 Nasonis
899 1092 1051 1176 fuissent,
1075 1094 1128 1157 cui
1152 1093 1183 1158 L
1274 1119 1275 1130 ¹

228 1182 359 1248 Flavius
381 1183 474 1248 heres
497 1185 560 1264 est,
588 1180 823 1264 demiuuersnt,
845 1184 1019 1264 antequam
1041 1177 1077 1246 G.
1100 1180 1187 1246 Fun·

230 1270 326 1337 danio
340 1270 510 1355 pecuniam
528 1268 708 1352 solvissent,
725 1267 867 1352 itemque
886 1267 1011 1333 misisse
1030 1268 1072 1334 ad
1086 1267 1186 1354 Apol·

229 1359 426 1442 lonidenses,
451 1379 493 1422 na
516 1356 555 1422 de
579 1356 687 1439 bonis,
710 1377 792 1440 quae
814 1354 940 1420 Octavii
962 1356 1111 1440 inissent,
1134 1357 1186 1424 de

229 1447 332 1512 minui
367 1449 567 1530 paterentur,
607 1445 794 1528 priusquam
829 1443 1000 1509 Fundanio
1040 1445 1187 1512 debiturn
1275 1507 1276 1526 ,

231 1535 373 1600 solutum
395 1536 488 1598 essct.
532 1531 622 1598 Haeo
645 1531 725 1596 mihi
746 1531 959 1598 verisimilia
983 1553 1053 1598 non
1075 1534 1186 1599 viden-
1275 1535 1276 1546 ’

229 1625 295 1703 tur3
322 1625 399 1686 sunt
422 1620 507 1686 enim
529 1641 550 1684 a
572 1620 743 1704 prudentia
764 1624 822 1685 tua
848 1621 1071 1686 remotissima.
1117 1621 1186 1706 „Ne

230 1709 397 1776 deminuat
418 1705 550 1774 hares“?
596 1709 688 1792 Quid,
711 1709 739 1774 si
760 1709 939 1774 infitiatur?
963 1709 1048 1793 quid,
1071 1710 1186 1776 aiom·

229 1799 308 1864 nino
330 1820 399 1864 non
421 1796 537 1862 debet?
568 1797 667 1880 quid?
699 1801 828 1881 praetor
855 1797 939 1862 solet
964 1797 1106 1863 iudicare
1133 1797 1186 1864 de

230 1887 320 1952 beri?
343 1885 450 1970 quidt'
467 1905 527 1971 ego
550 1883 720 1950 Fundanio
743 1907 810 1950 non
833 1885 950 1969 cupio?
972 1905 1040 1950 non
1062 1887 1186 1952 amicus
1276 1893 1277 1928 ³

231 1973 323 2040 sum?
350 1995 418 2041 non
440 1971 658 2039 misericordia
684 1972 837 2038 moveor?
864 1994 959 2038 nemo
981 1974 1102 2059 magis3
1129 1976 1187 2040 sed

230 2063 279 2128 vis
301 2064 380 2128 iuris
402 2060 559 2128 eiusmodi
582 2065 632 2126 est
649 2061 840 2145 quibusdam
862 2061 898 2125 in
920 2062 1024 2145 robus,
1046 2065 1086 2127 ut
1103 2063 1187 2128 nihil
1276 2078 1277 2081 ’

230 2151 273 2216 sit
303 2152 366 2216 loci
397 2151 529 2236 gratiae.
573 2148 681 2232 Atque
712 2149 759 2213 ita
790 2149 870 2213 mihi
897 2149 1024 2214 dicebat
1053 2149 1187 2217 Flavius

230 2239 385 2323 scriptum
412 2239 447 2302 iu
470 2260 508 2304 ea
535 2238 684 2321 epistola,
712 2259 809 2320 qnam
835 2240 925 2302 tuam
952 2258 1022 2303 essa
1050 2238 1187 2323 dicebat,

230 2331 262 2391 ta
285 2328 456 2412 autquasi
479 2325 589 2392 amicis
610 2325 675 2390 tuis
699 2325 821 2410 gratias
844 2328 991 2390 acturum
1013 2329 1071 2391 aut
1093 2329 1187 2412 quasi

191 2434 216 2472 11
230 2415 368 2480 inimicis
382 2414 702 2479 incommodatur-um.
733 2412 816 2489 Quid
829 2412 955 2478 multa?
974 2414 1100 2478 ferebat
1113 2437 1187 2500 gra·

230 2505 313 2568 viter
326 2503 347 2582 †
359 2502 394 2568 id
415 2501 621 2566 vehementer
642 2522 767 2566 mecum
789 2502 982 2586 querebatur
1000 2503 1188 2589 orabatque,

230 2594 268 2656 ut
290 2590 331 2654 ad
353 2593 386 2654 te
409 2610 505 2673 quam
524 2587 768 2673 diligentissimo
787 2590 972 2655 scriberem:
996 2591 1082 2675 quod
1101 2591 1187 2658 facio

230 2681 264 2744 et
285 2681 317 2744 te
340 2699 472 2763 prorsus
494 2675 699 2742 vehementer
726 2678 823 2742 etiam
850 2682 946 2763 abque
974 2680 1072 2744 etiam
1095 2699 1188 2765 rogo,

229 2772 267 2832 nt
290 2771 322 2832 et
343 2766 604 2850 procuratoribus
622 2763 726 2831 Flavii
744 2767 889 2831 remittas
908 2766 946 2830 de
969 2766 1186 2833 deminuendo

230 2858 264 2920 et
277 2855 584 2937 Apollonidensibus
602 2875 643 2918 ne
663 2853 740 2938 quid
757 2854 945 2939 perscribas,
967 2855 1054 2938 quod
1073 2859 1188 2921 contra

229 2940 377 3008 Flavium
408 2943 464 3024 sit,
495 2941 646 3026 amplius:
678 2945 712 3006 et
742 2940 845 3008 Flavii
877 2964 974 3007 causa
1005 2947 1039 3007 et
1065 2944 1188 3009 scilicet

229 3029 374 3114 Pompeii
396 3029 495 3096 facies
518 3031 635 3094 omnia.
679 3028 765 3094 Nolo
794 3030 917 3095 medius
942 3031 1038 3095 fidius
1069 3053 1108 3096 ex
1128 3036 1188 3098 tua

227 3118 348 3184 iniuria
378 3119 414 3184 in
444 3117 536 3182 illum
562 3117 621 3182 tibi
649 3117 814 3184 liberalem
841 3141 892 3184 me
923 3118 1038 3203 videri,
1070 3119 1127 3185 sed
1152 3124 1187 3185 te

300 3291 351 3359 Ep.
371 3296 396 3358 a,
411 3297 436 3346 a.
471 3289 541 3361 Lepi
566 3291 625 3359 ipsc
651 3292 805 3360 epistolam,
831 3309 914 3364 quom
935 3293 1074 3363 compassa
1101 3293 1187 3362 (wir

229 3360 264 3414 L.
283 3377 314 3424 a,
332 3377 356 3429 q.
370 3375 422 3416 scr.
442 3361 613 3430 (asperari
651 3368 693 3415 10.
711 3363 974 3418 incommodatum
992 3366 1036 3430 (a,
1049 3363 1187 3430 Palatt,

230 3430 339 3499 Regia).
383 3431 554 3486 immemoris
579 3432 701 3486 interm
727 3432 816 3498 Mal,
834 3433 864 3486 B.
912 3440 953 3487 11.
980 3435 1188 3504 yrooiter†id

230 3499 392 3637 opperpewatpr
419 3500 532 3570 (Mai).
577 3515 619 3570 qr.
642 3505 668 3556 et
689 3503 744 3556 aab.
773 3501 856 3570 (Em,
874 3503 916 3572 Β.)
938 3505 989 3558 ant
1009 3519 1067 3574 qm
1093 3506 1189 3574 itaque

231 3584 247 3622 v
280 3607 286 3621 .
355 3611 381 3624 ..
