2634 3988
210 197 274 261 326
493 193 532 262 M,
549 186 674 250 TULLII
692 191 882 250 CICERONIS

209 345 277 407 tam
300 344 337 406 tu
360 339 440 405 mihi
462 343 569 404 tecum
592 361 661 404 esse
679 337 819 422 voluisti,
842 338 1022 404 desiderare
1040 337 1172 404 videtur

209 430 388 516 gratiarum
412 429 585 510 actionem,
611 447 715 511 neque
739 447 799 512 ego
822 427 961 492 libenter
983 449 1042 511 pro
1067 429 1171 492 maxi·

209 519 270 584 mis
293 519 357 583 tuis
385 517 549 582 beneficiis
572 520 640 580 tam
666 515 723 581 vili
750 537 882 580 munere
909 515 1070 601 defungor
1097 537 1172 582 ora-

209 607 322 691 tionis,
349 609 383 670 et
409 606 494 671 malo
525 626 677 690 praesens
705 605 924 688 observantia,
954 604 1172 690 indulgentia,

209 696 397 761 assiduitate
429 716 605 759 memorem
640 715 691 758 me
723 693 794 758 tibi'
814 693 961 778 probare.
1015 692 1108 769 Quod
1143 695 1172 758 si

209 784 289 848 mihi
312 784 379 848 vita
407 783 593 868 contigerit,
616 804 727 849 omnes
751 785 861 867 gratas
889 782 1047 846 amicitias
1071 785 1172 867 atque

210 874 307 936 etiam
334 872 405 955 pias
432 871 690 956 propinquitates
720 868 766 956 [in
788 874 846 936 tua
874 871 1093 955 observantia,
1119 872 1169 936 in-

210 960 386 1046 dulgentia,
410 957 609 1047 assiduitate]
634 959 775 1043 vineam3
804 981 895 1025 amor
923 961 1009 1024 enim
1030 962 1107 1026 tuus
1131 982 1171 1025 ac

209 1049 363 1114 iudicium
386 1049 425 1113 dc
448 1069 499 1113 me
523 1053 631 1113 utrum
653 1047 732 1113 mihi
755 1048 828 1132 plus
847 1048 1016 1134 dignitatis
1039 1049 1075 1114 in
1096 1071 1169 1134 per-

210 1142 344 1222 petuum
376 1160 419 1202 an
450 1137 626 1222 voluptatis
659 1136 801 1220 quotidie
829 1136 872 1202 sit
898 1138 1068 1222 allaturus,
1099 1160 1171 1204 non

175 1227 303 1292 afacile
327 1227 470 1291 dixerim.
515 1225 564 1290 De
587 1225 726 1291 militum
748 1225 924 1291 commodis
946 1225 1010 1290 fuit
1031 1225 1092 1292 tibi
1115 1248 1169 1291 cu·

209 1337 277 1398 rac,
305 1337 386 1399 quos
414 1334 475 1399 ego
503 1335 570 1378 non
599 1314 764 1397 potentiae
786 1335 877 1379 meae
899 1336 997 1380 causa
1019 1349 1064 1363 -
1085 1315 1170 1380 nihil

192 1403 297 1467 enim
328 1424 379 1466 me
411 1422 480 1474 non
512 1403 695 1467 salutariter
727 1403 869 1488 cogitare
902 1404 964 1468 scis
987 1439 1030 1450 -·
1058 1405 1169 1469 ornari

210 1491 298 1556 volui
317 1513 341 1556 a
364 1493 487 1573 senatu,
509 1489 565 1554 sed
587 1491 736 1575 primum,
759 1493 844 1575 quod
867 1491 914 1556 ita
932 1493 1064 1558 meritos
1086 1492 1168 1559 iudi·

211 1580 333 1662 cabam,
355 1577 479 1663 deinde,
502 1577 588 1662 quod
611 1578 652 1642 ad
675 1599 786 1644 omnes
809 1601 902 1645 casus
930 1581 1169 1648 coniunctiores

210 1669 256 1732 rei
279 1668 426 1751 publicae
450 1688 519 1732 csse
545 1667 707 1751 volebam,
729 1669 916 1754 novissime,
942 1672 980 1734 ut
1007 1670 1048 1734 ab
1079 1669 1169 1736 omni

211 1757 356 1821 omniurn
378 1755 604 1821 sollicitatione
627 1777 757 1823 aversos
780 1779 835 1823 eos
858 1757 939 1822 tales
962 1758 1054 1824 vobis
1076 1781 1168 1844 prae·

175 1852 296 1913 astare
322 1867 465 1930 possem,
494 1845 605 1929 quales
632 1845 738 1910 adhuc
765 1844 907 1911 fuerunt.
960 1845 1030 1912 Nos
1063 1847 1169 1914 adhuc

210 1934 264 1999 hio
287 1935 396 2000 omnia
418 1935 547 2019 integre
569 1934 793 2000 sustinuimus:
817 1935 902 2018 quod
922 1935 1091 2013 consilium
1110 1958 1168 2001 no·

211 2026 328 2106 strum,
351 2023 425 2106 etsi,
448 2026 570 2107 quanta
593 2023 636 2088 sit
658 2022 794 2087 aviditas
816 2022 985 2088 hominum
1007 2045 1074 2090 non
1098 2024 1167 2090 sine

211 2133 308 2177 causa
331 2113 351 2191 t
374 2112 449 2176 talis
476 2111 643 2194 victoriae,
670 2112 750 2194 scio,
781 2114 891 2176 tamen
917 2112 1009 2177 uobis
1036 2113 1169 2196 probari

211 2222 318 2286 sper03
341 2223 408 2266 non
427 2201 522 2284 enim,
540 2201 568 2264 si
586 2199 663 2284 quid
680 2201 716 2264 in
732 2199 784 2264 his
798 2200 989 2265 exercitibus
1007 2199 1051 2264 sit
1069 2201 1168 2267 offen·

212 2312 296 2373 sum,
327 2310 447 2374 magna
479 2288 621 2353 subsidia
647 2309 698 2352 res
724 2288 854 2373 publica
884 2287 984 2353 habet
1011 2288 1168 2374 expedita,

212 2379 328 2462 quibus
351 2377 458 2443 subito
480 2377 603 2460 impetu
627 2397 664 2440 ac
680 2377 851 2443 latrocinio
870 2376 1102 2462 parricidarum
1119 2400 1167 2443 re-

212 2467 314 2530 sistat.
351 2463 467 2550 Copias
490 2486 565 2530 vero
589 2467 718 2530 nostras
735 2468 831 2532 notas
849 2465 909 2531 tibi
927 2487 996 2531 esse
1015 2464 1167 2532 arbitror:

211 2554 246 2618 in
270 2553 382 2618 castris
405 2553 484 2617 meis
511 2553 655 2638 legiones
683 2558 761 2620 sunt
786 2557 958 2620 veteranae
984 2559 1064 2641 tres,
1090 2556 1166 2622 tiro·

211 2664 299 2725 num,
321 2643 372 2707 vel
389 2640 643 2708 luculentissima
661 2665 700 2708 ex
719 2644 877 2728 omnibus,
898 2666 977 2728 una;
999 2645 1167 2712 incastris

211 2730 306 2795 Bruti
323 2753 390 2796 una
406 2735 559 2797 veterana
576 2732 670 2818 legio,
682 2733 790 2797 altera
808 2733 905 2814 bima,
923 2736 996 2798 octo
1015 2733 1167 2798 tironum

211 2819 263 2884 Ita
282 2821 449 2886 universus
472 2821 629 2886 exercitus
647 2842 780 2886 numero
800 2820 1016 2904 amplissimus
1035 2825 1093 2903 est,
1114 2821 1167 2886 fir-

210 2909 324 2972 mitate
347 2909 495 2994 exiguus,
522 2912 679 2992 quantum
706 2912 814 2974 autem
841 2909 876 2974 in
903 2909 971 2973 acie
998 2909 1098 2975 tironi
1125 2910 1169 2976 sit

211 2996 490 3081 committendum,
517 2998 653 3062 nimium
684 3018 778 3080 saepe
808 2999 974 3081 expertum
1000 2997 1167 3064 habemus.

176 3103 194 3152 4
212 3084 264 3150 Ad
286 3085 349 3150 hoc
371 3085 470 3151 robur
491 3088 676 3150 nostrorum
694 3084 889 3150 exercituum
912 3085 979 3151 siue
993 3084 1167 3154 Africanus

212 3175 377 3258 exercitus,
398 3175 453 3259 qui
471 3176 522 3240 eet
539 3178 718 3258 veteranus,
732 3174 798 3239 sive
812 3171 958 3239 Caesaris
973 3176 1168 3260 accessisset,

281 3402 400 3472 Epal,
421 3408 444 3456 1.
476 3417 558 3472 prop.
585 3400 629 3472 [iu
650 3406 701 3457 tua
723 3418 761 3469 u,
778 3403 812 3468 t,
835 3401 1010 3476 msidua'tatc]
1037 3419 1062 3458 o.
1091 3403 1167 3472 (Ν),

207 3487 288 3541 prop.
307 3475 325 3538 †
343 3473 376 3526 ia
392 3476 443 3526 tua
460 3485 498 3539 a,
516 3473 549 3537 a,
572 3487 598 3526 a.
616 3487 641 3526 o.
659 3470 691 3524 B.
737 3479 762 3526 2.
789 3472 842 3527 scir
864 3472 1005 3542 (Nodell.).
1046 3474 1103 3530 scio
1120 3474 1167 3544 M,

211 3541 304 3612 vulgo.
342 3547 367 3596 3.
396 3557 480 3597 cauea
498 3542 563 3596 talis
581 3541 645 3596 belli
662 3543 792 3598 victoriae
811 3542 906 3614 (Crat.)
926 3546 976 3599 ant
994 3559 1015 3600 c.
1029 3559 1053 3599 u.
1074 3544 1150 3614 (W.).
