2578 3978
383 227 643 284 EPISTOLARUM
661 231 682 284 1.
702 237 726 285 9.
993 230 1036 295 25

2 424 3 470 ,
78 373 259 457 parauisset.
301 373 419 458 Neque
438 395 516 439 vero
540 393 601 456 ego
623 363 839 458 mihi‘postes
862 375 1036 460 quidquam
1055 379 1088 429 1⁷

2 509 3 534 ,
80 463 235 546 assumpsi
247 483 356 546 neque
371 462 467 527 hodie
482 483 620 545 assumo,
633 463 719 545 quod
733 482 926 546 quemquam
939 467 1036 529 male·

80 550 335 614 valentissimum
357 551 427 614 iure
449 552 553 635 possit
575 550 748 615 offendere:
771 555 901 615 tantum
921 553 1037 637 enitor,

80 643 116 702 ut
145 660 251 722 neque
282 639 394 703 amieis
426 659 529 722 neque
561 639 659 702 etiam
692 639 909 726 alienioribus
930 661 1038 724 opera,

80 727 224 811 consilio,
240 727 354 792 laboro
373 727 483 791 desim.
513 725 577 790 Hie
595 747 687 791 meae
704 728 789 792 vitoe
807 747 919 792 eureus
938 729 1038 793 offen-

81 815 127 878 dit
149 837 205 880 eos
227 816 381 900 fortasse,
408 815 464 900 qui
491 815 694 900 splendorem
721 819 756 879 et
780 817 919 900 speeiem
941 817 1041 880 huius

80 904 164 968 ritae
195 905 379 988 intuentur,
411 899 660 970 sollicitudinum
691 907 798 968 eutem
831 909 863 968 et
894 905 1038 970 laborem

81 993 262 1076 perspicere
292 1013 361 1058 nun
397 995 548 1076 possunt3
583 992 664 1056 illud
694 1007 771 1058 vero
802 1009 872 1062 uon
904 993 1039 1058 obscure

81 1085 270 1164 queruntur,
291 1081 327 1144 in
349 1081 429 1146 meis
452 1081 630 1165 sententiis,
653 1081 770 1164 quibus
792 1101 904 1168 ornem
923 1079 1037 1146 (laesa-

81 1190 160 1252 rem,
196 1169 291 1252 quasi
315 1169 492 1233 descieeere
522 1189 574 1232 me
600 1189 623 1232 a
648 1169 786 1252 pristina
812 1189 917 1232 oense.
965 1169 1039 1254 Ego

82 1261 189 1321 autem
213 1277 314 1340 quum
334 1257 392 1321 ille
409 1275 534 1340 sequor,
557 1278 640 1340 quae
656 1257 765 1341 paullo
785 1259 860 1320 ante
876 1259 1040 1341 proposui,

81 1349 150 1410 tum
171 1345 237 1410 hou
259 1366 327 1410 non
348 1346 384 1408 in
405 1345 587 1430 postremis,
608 1345 648 1408 de
671 1367 734 1428 quo
758 1359 926 1428 coeperam
944 1367 1039 1429 expo-

81 1455 170 1498 nere:
197 1454 269 1498 non
290 1433 433 1498 offendes
455 1433 593 1498 eundem
614 1433 774 1498 bonorum
796 1455 935 1517 sensum,
957 1433 1039 1498 Len-

81 1523 161 1605 tule,
198 1541 296 1605 quem
330 1520 501 1606 reliquisti,
535 1521 590 1606 qui
626 1521 833 1608 confirmatus
869 1523 1040 1586 consulatu

82 1613 208 1694 nuato,
239 1629 479 1693 nonnumquam
510 1612 625 1694 postea
655 1610 868 1693 interruptus,
900 1609 1039 1674 afflictus

83 1702 158 1764 ante
180 1701 215 1762 te
238 1699 416 1783 consulem,
443 1701 606 1762 reoreetus
634 1698 692 1762 abs
714 1701 748 1762 te
769 1701 858 1762 totus
881 1701 930 1762 est
952 1719 1040 1762 nunu

84 1787 123 1850 ab
149 1787 205 1870 iis,
233 1808 254 1849 a
276 1787 392 1870 quibus
419 1786 558 1851 tuendus
584 1786 704 1869 fuerat,
734 1786 917 1870 derelictus,
943 1786 1039 1869 idque

84 1895 150 1939 uon
180 1875 289 1940 solum
318 1875 426 1938 fronte
460 1877 557 1958 etque
587 1874 693 1957 vultu,
730 1874 845 1958 quibus
877 1872 1041 1939 simulatio

85 1963 235 2028 facillime
259 1963 445 2046 sustinetur,
467 1962 634 2026 declarant
653 1962 686 2046 ii,
709 1962 764 2046 qui
781 1966 851 2027 tum
873 1963 909 2026 in
927 1966 1040 2028 nostro

85 2052 138 2115 illo
161 2054 251 2116 statu
275 2051 447 2135 optimates
473 2051 739 2134 nominabantur,
766 2051 822 2114 sed
849 2051 947 2115 etium
970 2072 1039 2114 een-

86 2140 186 2204 tentia
209 2159 305 2223 saepe
327 2139 394 2203 iam
414 2139 597 2222 tabellaque
620 2137 811 2221 docuerunt,
839 2138 947 2220 itaque
970 2141 1041 2202 tote
1060 2159 1093 2208 rs

87 2227 149 2291 iarn
170 2227 367 2311 sapientium
389 2227 520 2309 uirium,
547 2227 675 2310 qualem
696 2229 809 2290 meet
835 2244 904 2290 esse
928 2229 961 2289 et
981 2247 1041 2289 uu·

86 2316 200 2380 merari
222 2316 311 2398 volo,
341 2319 374 2378 et
396 2315 557 2379 sententia
584 2321 617 2380 et
642 2315 793 2379 voluntas
820 2316 945 2380 mutate
972 2333 1041 2378 esee

87 2403 192 2488 debet,
223 2403 258 2466 id
289 2403 376 2468 euim
401 2403 492 2467 iubet
521 2403 607 2466 idem
633 2403 688 2466 ille
714 2402 822 2487 Plato,
854 2423 949 2486 quem
980 2423 1040 2488 ego

87 2492 291 2556 vehementer
322 2494 487 2556 adiutorem
513 2511 642 2575 sequor,
673 2493 819 2574 „tantum
849 2490 1041 2556 contendere

88 2579 120 2642 in
141 2601 175 2644 re
198 2579 337 2664 publiea,
360 2583 518 2663 quantum
535 2579 673 2662 probare
695 2579 760 2643 tuis
779 2579 901 2643 uiribus
923 2579 1041 2662 possis3

88 2669 150 2732 vim
179 2689 286 2752 nequo
316 2667 445 2751 parenti
474 2687 536 2731 neo
566 2667 690 2751 patriae
722 2667 837 2732 afferre
868 2666 1042 2750 oportere.“

89 2755 192 2840 Atque
215 2756 300 2820 hano
323 2755 453 2840 quidem
474 2757 529 2819 ille
553 2775 682 2820 causam
702 2755 763 2819 eibi
787 2755 922 2820 sitnon
945 2756 1042 2819 attin-

89 2844 209 2929 gendae
231 2845 279 2908 rei
301 2843 448 2928 publicae
471 2844 585 2928 fuisse,
608 2841 707 2928 quod,
735 2865 834 2927 quum
856 2843 1042 2908 offendisset

88 2933 241 3017 populum
256 2931 490 2996 Atheniensem
512 2953 613 3018 prope
635 2931 701 2995 iem
719 2931 930 3016 desipientem
953 2953 1042 2997 sene·

89 3025 170 3085 utute
194 3041 357 3104 quumque
380 3043 453 3084 eum
475 3041 536 3085 neo
562 3020 782 3105 persuadendo
809 3041 870 3084 neo
897 3021 1041 3106 cogendo

86 3110 153 3193 regi
165 3130 262 3193 posse
279 3108 424 3192 vidisset,
442 3129 541 3192 quum
558 3108 744 3192 persuaderi
761 3129 856 3193 posse
874 3107 1043 3190 diffideret,

153 3351 207 3422 Ep.
226 3359 252 3420 9,
267 3359 308 3408 17.
345 3354 487 3408 declarant
504 3354 528 3407 u·
551 3353 623 3420 (edd.
642 3354 731 3420 vett).
772 3350 926 3407 deelaruoti
943 3350 969 3402 ei
990 3349 1038 3402 Ml

87 3424 125 3488 (ti
140 3423 213 3492 Me).
249 3424 275 3477 d.
294 3425 320 3478 ei
337 3423 392 3491 Or,
411 3424 442 3478 B.
458 3455 491 3462 —
515 3429 573 3476 tum
590 3425 622 3478 io
639 3428 732 3477 nostro
751 3423 817 3490 (W).
853 3426 911 3474 tun
929 3435 956 3472 u.
975 3418 1040 3472 ΜΒ.

87 3499 126 3548 18.
152 3497 287 3547 marte
307 3510 444 3564 quumque
522 3494 646 3558 uidisset,
665 3509 748 3562 prum
766 3493 824 3558 (M),
861 3505 896 3555 a,
920 3490 1042 3558 [eoaque

142 3563 221 3632 vid.,]
240 3577 301 3618 oum
319 3563 392 3633 su,
410 3565 442 3618 Β.
462 3593 495 3606 -
514 3565 561 3618 oui
574 3563 739 3632 persuaderi
756 3561 832 3628 (W)l
