2556 3986
229 185 294 251 538
512 184 549 240 M.
569 183 692 239 TULLII
709 181 901 238 CICERONIS

228 333 262 394 at
291 329 363 394 viae
389 349 448 412 per
472 327 612 392 hiemem
634 326 698 391 nisi
729 328 811 391 bene
841 327 972 391 firmum
1006 328 1210 392 committes

193 430 308 483 anese
330 417 464 501 naviges
486 416 550 480 nisi
573 416 745 498 explorate.
789 414 855 480 Vix
876 415 912 478 in
933 415 1018 498 ipsiu
1042 416 1154 480 tectis
1178 420 1208 478 et

228 505 354 590 oppidis
376 505 481 590 frigus
503 503 632 568 infirma
653 502 837 570 valetudiue
855 503 986 587 vitatur,
1010 503 1152 567 nedum
1174 505 1206 566 in

227 594 309 658 mari
332 595 366 658 et
386 593 440 658 via
463 593 506 656 sit
527 592 621 656 facile
645 591 758 656 abesse
780 591 824 654 ab
843 591 962 655 iniuria
984 593 1172 675 temporis.

351 724 458 808 ψῦχος
480 719 518 786 di
540 723 644 811 λεπτῷ
670 719 771 807 χρωτὶ
793 719 1064 805 πολεμιώτατον,

227 856 334 940 iuquit
359 854 543 940 Euripides:
576 854 627 919 cui
653 857 690 918 tu
722 857 879 938 quantum
906 855 1036 939 credas,
1071 860 1203 940 nescim

228 965 289 1029 ego
317 947 402 1009 certe
429 944 574 1028 singulos
605 942 674 1008 eius
700 963 810 1008 versus
843 943 972 1028 singula
997 946 1203 1011 testimonie

226 1035 316 1117 puto.
356 1030 468 1116 Effice,
491 1031 518 1096 si
541 1052 592 1095 me
615 1029 732 1115 diligis,
753 1034 791 1095 ut
812 1031 919 1095 valeas
942 1034 976 1095 et
998 1035 1041 1096 ut
1067 1034 1117 1098 ad
1143 1057 1201 1099 nos

227 1121 338 1185 firmus
361 1141 399 1184 ac
426 1121 537 1184 valens
564 1139 661 1202 quam
688 1118 828 1202 primum
849 1119 968 1185 venias.
1014 1118 1116 1186 Ama
1142 1145 1199 1188 nos

229 1211 262 1272 et
281 1209 362 1273 vale.
401 1207 475 1283 uf.
509 1206 570 1271 tibi
593 1206 731 1271 salutem
754 1205 842 1270 dicit.

677 1397 734 1464 IX.

376 1509 432 1566 Ser.
452 1509 595 1566 BrundIsii
612 1511 658 1566 IV.
678 1511 739 1566 Καὶ
759 1510 825 1566 Dec.
844 1527 870 1566 a
888 1528 914 1566 u.
933 1527 956 1566 c.
977 1516 1040 1568 '104

251 1632 406 1689 TULLIUS
423 1634 472 1689 ET
491 1633 622 1689 CICERO
641 1633 767 1688 TIRONI
786 1633 854 1689 SUO
874 1633 949 1690 SAL.
968 1633 1080 1691 PLUR.
1100 1637 1174 1693 DIC.

195 1747 210 1796 1
295 1732 364 1798 Nos
392 1756 412 1798 a
438 1738 484 1817 te,
510 1738 548 1798 ut
571 1734 646 1817 scis,
673 1733 877 1798 discessimus
905 1755 932 1797 a.
960 1732 990 1797 d.
1017 1751 1084 1800 1111.
1109 1735 1194 1802 Non.

229 1820 311 1887 Nov.
356 1821 536 1887 Leucadem
558 1821 704 1886 venimus
727 1843 755 1885 a.
778 1821 807 1885 d.
829 1839 900 1885 v111.
922 1819 969 1886 Id.
991 1820 1093 1908 Non,
1118 1848 1149 1889 a.
1169 1827 1193 1889 d.

228 1929 286 1974 vn.
308 1909 452 1994 Actium3
478 1911 524 1974 ibi
552 1913 685 1993 propter
710 1913 935 1994 tempestatem
963 1909 1044 1974 ad.
1071 1931 1120 1977 vr.
1151 1913 1192 1978 Id.

229 1999 346 2063 morati
373 2020 492 2064 sumus.
536 1995 616 2061 Inde
646 2019 674 2061 a.
698 1997 726 2061 d.
749 2015 781 2061 v.
804 1997 850 2062 id.
878 1993 1053 2082 Corcyram
1084 2001 1192 2065 bellis·

230 2087 309 2151 sime
331 2087 563 2172 navigavimus.
599 2083 756 2169 Corcyrae
778 2085 898 2150 fuimus
920 2107 1022 2169 usque
1044 2089 1096 2152 ad
1116 2111 1148 2154 a.
1167 2090 1192 2153 d.

181 2233 186 2252 ,
229 2191 297 2240 xvi.
319 2173 359 2238 K.
387 2174 463 2239 Dec.
490 2173 736 2258 tempestatibus
762 2173 888 2237 retenti.
938 2171 980 2236 A.
1005 2173 1034 2237 d.
1065 2193 1126 2241 xv.
1155 2177 1192 2242 K.

229 2263 264 2326 in
286 2267 416 2347 portum
439 2261 690 2346 Corcyraeorum
713 2260 754 2325 ad
777 2259 953 2344 Cassiopen
980 2261 1091 2326 stadia
1115 2282 1190 2330 cxx.

229 2351 456 2434 processimus3
478 2351 523 2414 ibi
546 2350 665 2414 retenti
685 2349 790 2414 ventis
814 2371 923 2414 sumus
941 2351 1105 2432 usquead
1119 2375 1149 2416 a.
1163 2355 1189 2417 d.

229 2455 312 2501 vim.
335 2437 375 2500 K.
393 2473 435 2483 —
454 2438 587 2521 interea,
610 2438 664 2522 qui
687 2437 801 2520 cupide
824 2437 960 2524 profecti
984 2442 1071 2522 sunt,
1096 2443 1189 2506 multi

196 2524 402 2608 ouaufragia
428 2524 575 2588 fecerunt
597 2561 648 2589 —.
684 2523 754 2589 Nos
782 2546 820 2588 eo
852 2524 903 2588 die
935 2525 1063 2589 coenati
1095 2529 1188 2594 solvi·

231 2634 315 2695 mus;
337 2612 413 2676 inde
436 2615 545 2676 austro
568 2613 742 2697 lenissimo,
765 2613 853 2678 caelo
875 2633 987 2678 sereno
1010 2619 1112 2681 nocte
1134 2618 1189 2682 ills

231 2705 264 2764 et
285 2701 337 2766 die
359 2705 489 2786 postero
516 2701 553 2765 in
574 2700 703 2765 Italiam
725 2701 766 2765 ad
788 2699 993 2786 Hydruntem
1015 2701 1188 2770 ludibundi
1242 2751 1243 2786 y

230 2791 447 2874 pervenimus,
478 2790 653 2874 eodemque
684 2793 781 2855 uento
811 2789 965 2873 postridie
989 2825 1032 2836 —
1056 2791 1092 2858 id
1121 2800 1188 2860 erat
1242 2803 1243 2810 ’

231 2898 259 2940 a.
277 2877 307 2939 d.
324 2894 381 2940 vn.
399 2877 439 2941 K.
457 2877 534 2942 Deo.
557 2910 599 2924 -
622 2878 704 2943 hora
725 2895 784 2942 1111.
802 2875 1011 2944 Brundisium
1029 2880 1186 2967 venimus,
1242 2879 1243 2882 '

231 2964 405 3047 eodemque
427 2968 571 3048 tempore
595 2966 690 3030 simul
712 2966 880 3030 nobiscum
902 2966 937 3029 in
960 2967 1119 3050 oppidum
1140 2971 1185 3035 in·
1242 2975 1243 2982 ’

229 3052 321 3116 troiit
342 3051 507 3136 Terentia,
534 3075 616 3137 quae
638 3057 671 3118 te
693 3053 773 3117 facit
794 3053 933 3138 plurimi.
976 3053 1017 3118 A.
1041 3055 1071 3118 d.
1095 3079 1126 3121 v.
1147 3059 1184 3123 Κ.

229 3137 306 3204 Dec.
329 3160 440 3205 servus
459 3138 516 3206 Cn.
529 3139 653 3206 Plancii
675 3139 841 3206 Brundisii
858 3141 989 3206 tandem
1010 3141 1184 3226 aliquando

299 3365 351 3434 Ep.
376 3372 449 3432 e,1.
490 3366 527 3420 K.
548 3395 580 3406 -
599 3367 704 3420 Interea
799 3367 921 3433 fecerant
943 3397 985 3421 -.
1021 3365 1085 3423 Nos
1111 3371 1181 3440 (W).

230 3432 353 3573 {diligat
376 3476 404 3491 ..
427 3435 448 3502 s.
475 3435 536 3490 Nos
562 3435 656 3504 vulgo.
706 3442 730 3490 2.
759 3451 851 3492 saeuo
873 3441 949 3492 nocte
971 3435 1064 3505 (w.)..
1097 3455 1134 3506 a,
1155 3459 1182 3496 a.
