2636 3986
392 215 650 272 EPISTOLARUM
670 217 730 272 XII.
750 223 791 271 25.
811 223 852 272 26.
1032 217 1098 282 409

142 366 181 428 ut
201 362 247 428 eit
265 361 449 439 Terentium
474 361 691 446 quemobrem,
708 362 753 426 mi
771 359 898 446 Quinte,
921 362 1098 428 conscende

143 451 321 537 nobiscum,
342 453 377 515 et
399 450 528 535 quidem
544 449 586 514 ad
603 450 751 536 puppim:
774 471 841 516 una
857 450 949 514 navis
968 453 1018 514 est
1033 449 1099 514 iem

142 539 304 606 bonorum
332 539 490 624 omnium,
517 560 614 623 quom
640 538 769 623 quidem
796 561 856 604 nos
885 538 998 603 damus
1025 559 1098 623 ope·

142 650 214 692 ram
240 629 279 692 ut
304 630 426 692 rectem
451 630 631 712 tenesmum
658 627 784 692 utinam
809 648 963 712 prospero
991 627 1099 692 cursui

144 716 214 801 sed,
241 716 433 801 quicumque
459 715 549 782 venti
575 719 683 801 eruut,
709 737 763 780 ers
789 719 903 781 nostre
925 717 1009 780 certe
1032 737 1100 780 non

144 803 261 888 ebenit3
297 804 388 890 quid
406 804 492 870 enim
522 807 686 889 praestare
715 805 805 870 eliud
836 803 938 870 virtus
968 803 1099 888 potest?

145 892 195 958 'Pu
217 893 270 958 foc
291 897 330 958 ut
355 913 475 978 magno
503 893 611 959 enimc
639 893 683 958 sis
705 896 739 958 et
767 893 891 958 excelso
915 892 1099 978 cogitesque

145 1003 274 1051 omnem
292 980 484 1067 dignitatem
501 985 591 1054 tunm
610 1003 683 1048 cum
699 1003 735 1047 re
752 981 881 1066 publice
895 981 1100 1048 coniunctum

145 1091 214 1135 esse
238 1069 361 1134 debere.

230 1295 237 1308 Ι
368 1225 439 1301 (Ser.
458 1227 524 1297 post
541 1225 574 1280 V.
593 1223 656 1281 Kal.
674 1224 740 1280 Mai.
759 1243 784 1282 o.
804 1227 874 1296 tn.)

211 1333 247 1400 Ρ.
260 1333 432 1400 Lucceium
449 1333 531 1400 mihi
548 1356 655 1400 meum
671 1333 887 1420 commendas,
909 1355 1014 1420 quem,
1030 1334 1099 1420 qui-
1118 1348 1138 1396 o

144 1424 343 1508 buscumque
356 1423 452 1488 rebus
465 1427 588 1510 potero,
610 1423 782 1510 diligenter
798 1422 922 1488 tuebor.
956 1422 1101 1488 Hirtium

146 1511 275 1596 quidem
307 1515 340 1577 et
360 1511 515 1597 Pansam,
544 1513 686 1598 collegas
716 1513 859 1596 nostum,
887 1511 1034 1578 homiues
1065 1513 1101 1576 in

146 1601 317 1666 consulatu
343 1601 390 1665 rei
416 1601 564 1685 publicae
591 1603 761 1685 solutares,
788 1601 894 1665 alieno
922 1621 999 1665 sane
1021 1604 1100 1666 tem·

145 1709 224 1773 pore
242 1689 417 1774 amisimus,
437 1710 473 1754 re
495 1689 624 1773 publice
646 1688 986 1774 Antonianoquidem
1003 1689 1100 1754 lotro-

146 1777 232 1842 cinio
249 1777 395 1862 liberate,
418 1778 474 1842 sed
493 1777 638 1848 nondum
661 1777 792 1844 omnino
811 1777 981 1861 explicuts3
1004 1798 1101 1862 quom

146 1886 222 1950 nos,
253 1866 280 1930 si
302 1865 425 1951 licebit,
454 1885 544 1930 more
566 1869 679 1930 nostro
705 1863 880 1948 tuebimur,
906 1885 1100 1949 quamquam

147 1953 320 2019 admodum
338 1975 448 2019 sumus
469 1954 536 2018 ism
555 1953 736 2040 defetigeti3
759 1952 815 2017 sed
831 1953 923 2018 nulls
944 1952 1100 2017 lassitudo

146 2042 301 2127 impedire
337 2041 481 2109 officium
512 2045 545 2107 et
579 2041 676 2106 fidem
707 2039 811 2106 debet.
868 2039 991 2106 Verum
1021 2041 1137 2106 hseou

145 2131 315 2196 hactenus:
339 2131 380 2196 eb
403 2131 475 2196 aliis
496 2133 529 2196 te
552 2130 592 2196 de
612 2152 665 2195 me
687 2150 784 2216 quam
805 2150 827 2194 a
848 2150 899 2193 me
921 2129 992 2214 ipso
1015 2129 1101 2230 molo

119 2218 758 2392 1ttultf²s.¹l.tlltl³ulz
771 2238 823 2370 It:
836 2237 1101 2390 ..usuum

146 2395 225 2461 teris
247 2395 289 2462 ed
310 2397 436 2460 caelum
456 2395 606 2462 laudibus
624 2395 775 2479 extulisti,
795 2415 940 2460 rumores
958 2394 1102 2459 duriores

147 2487 253 2550 erent:
275 2484 309 2550 id
331 2485 425 2569 quale
448 2484 492 2550 sit
509 2484 704 2568 omninoque
722 2481 799 2569 quid
819 2483 894 2549 istic
916 2485 1033 2568 egetur
1054 2481 1101 2547 fe-

148 2572 214 2638 oies
236 2594 288 2640 me
310 2573 407 2639 velim
429 2573 606 2640 certiorem.

562 2766 683 2832 XXVI.

198 2877 255 2934 Ser.
274 2896 369 2934 mense
387 2880 493 2935 incerto
509 2882 584 2950 (post
596 2879 670 2932 XIII.
690 2877 752 2932 Kal.
771 2877 841 2948 lon.)
860 2891 884 2932 e.
903 2891 930 2932 n.
948 2891 972 2932 c.
993 2882 1052 2932 ⁷1⁰.

368 3001 517 3059 CICERO
536 2999 780 3058 CORNIFICIO
798 2999 881 3056 SAL.

215 3099 252 3178 Q.
275 3101 401 3187 Turius,
424 3103 479 3188 qui
501 3103 536 3168 in
554 3102 666 3168 Africa
687 3101 872 3188 negotiatus
895 3103 953 3185 est,
975 3100 1024 3164 vir
1046 3098 1101 3164 bo·
1121 3110 1136 3159 1

146 3212 209 3256 nus
232 3192 266 3255 ec
286 3191 456 3276 honestus,
477 3190 611 3256 heredes
632 3189 711 3255 fecit
733 3187 851 3254 similes
874 3187 937 3272 sui,
965 3185 1022 3252 On.
1046 3183 1101 3251 Se·

145 3278 324 3363 turninum,
343 3277 413 3344 Sex.
431 3278 606 3363 Aufidium,
624 3277 658 3344 O.
672 3278 844 3361 Anneium
863 3275 900 3352 Q.
914 3272 1101 3340 Considium

145 3365 285 3453 Gallum,
307 3366 344 3432 1..
366 3365 536 3432 Servilium
557 3366 756 3450 Postumum,
778 3363 812 3431 (i.
834 3363 1031 3431 Rubellium:
1063 3383 1102 3428 ex

216 3557 270 3629 Ep.
289 3565 332 3628 26,
353 3565 376 3614 1.
412 3558 552 3614 Anneium
570 3557 688 3629 (vulgo).
724 3557 852 3614 Acincum
869 3555 934 3610 ΜΒ.
