2676 3984
422 197 682 286 nrlsnoanaun
701 199 734 252 x.
755 204 778 252 r.
798 205 822 254 s.
1034 197 1099 264 305

141 340 248 424 nobis,
270 342 399 427 magnis
423 363 517 426 saepe
539 343 690 427 praemiis
714 343 919 427 sollicitatus,
940 346 978 406 ut
999 343 1041 408 ab
1064 365 1099 410 re

141 429 272 513 publica
294 430 403 515 potius
426 429 592 496 moderata
614 453 712 515 quarn
730 431 770 496 ab
790 453 855 497 uno
878 431 1006 496 infinita
1028 453 1098 515 spe-

141 521 241 601 raret3
265 518 503 583 confirmandae
526 521 706 604 complures
724 520 879 604 civitates,
901 541 983 604 quae
1007 541 1099 604 supe-

142 605 226 670 riore
264 628 349 672 anno
385 607 612 692 largitionibus
649 607 972 692 concessionibusque
1007 628 1099 692 prae-

143 693 281 759 miorum
308 699 401 760 erant
428 695 603 782 obligatae,
630 700 667 760 ut
694 700 727 761 et
752 696 810 761 illa
835 718 920 761 uana
946 699 1100 782 putarent

141 786 176 846 et
204 782 315 847 eadem
342 805 363 848 a
388 784 574 850 melioribus
606 785 791 850 auctoribus
821 784 962 870 petenda
993 784 1099 849 existi-

143 875 282 955 marent3
303 872 490 937 alliciendas
509 873 606 937 etiam
619 873 803 939 voluntates
820 873 1027 958 reliquorum,
1044 873 1100 957 qui

19 981 24 988 ’
142 959 288 1024 finitimis
316 961 489 1046 provinciis
513 961 766 1046 exercitibusque
789 965 957 1046 praesunt,
984 964 1021 1025 ut
1042 983 1099 1047 po·

139 1047 208 1112 tius
231 1069 304 1112 cum
326 1049 473 1133 pluribus
491 1051 678 1116 societatem
699 1049 917 1114 defendendae
939 1049 1099 1114 libertatis

140 1136 306 1221 iniremus,
329 1159 426 1222 quarn
449 1159 522 1203 curn
540 1137 745 1222 paucioribus
763 1138 926 1202 funestam
945 1138 1016 1203 orbi
1037 1141 1100 1202 ter·

141 1247 253 1289 rarum
280 1227 447 1292 victoriam
474 1227 675 1311 partiremur.
723 1223 892 1290 Muniendi
922 1247 998 1291 vero
1025 1239 1135 1291 nos-4

142 1313 295 1399 metipsi
318 1315 438 1379 fuimus
462 1318 556 1380 aucto
575 1315 715 1380 exercitu
735 1314 923 1399 auxiliisque
946 1313 1100 1398 multipli-

140 1403 239 1486 catis,
266 1405 315 1486 ut,
348 1425 447 1487 quum
468 1403 702 1489 praeferremus
730 1425 843 1468 sensus
871 1406 995 1488 aperte,
1021 1406 1100 1486 tum,

140 1490 242 1555 etiam
265 1491 376 1556 inritis
399 1492 604 1576 quibusdam,
626 1493 709 1577 sciri,
732 1491 809 1577 quid
832 1491 994 1556 defensuri
1018 1512 1100 1556 esse·

142 1601 226 1663 mus,
248 1601 316 1645 non
338 1583 423 1645 esset
444 1581 667 1665 periculosum.
712 1579 764 1645 Ita
785 1602 962 1665 numquam
985 1579 1100 1644 diffite-

143 1669 205 1733 bor
228 1669 330 1733 multa
356 1690 421 1752 me,
447 1673 484 1733 ut
507 1669 546 1734 ad
575 1669 723 1735 effectum
749 1668 866 1735 horum
893 1668 1100 1735 consiliorum

143 1757 358 1842 pervenirem,
390 1760 423 1822 et
455 1757 621 1822 simulasse
653 1758 792 1822 invitum
819 1760 852 1822 et
883 1756 1100 1822 dissimulasse

142 1845 351 1930 cumdolore,
369 1845 464 1931 qnod,
481 1848 687 1930 praematura
705 1845 906 1911 denuntiatio
925 1844 1004 1910 boni
1022 1845 1100 1909 civis

142 1934 296 2018 imparati
329 1956 425 2019 quam
456 1935 636 2019 periculosa
659 1937 756 2017 esset,
787 1955 826 1997 ex
852 1954 928 1998 casu
958 1932 1100 2017 collegae

144 2021 303 2086 ridebam.
340 2021 410 2099 Quo
434 2023 564 2088 nomine
587 2022 685 2087 etiarn
704 2019 737 2086 0.
755 2019 877 2087 Furnio
895 2023 1013 2106 legato,
1031 2021 1100 2085 viro
1119 2035 1135 2082 a

142 2109 225 2175 forti
248 2114 343 2196 atque
367 2115 512 2189 strenuo,
539 2111 633 2195 plura
655 2110 753 2175 etiam
778 2109 876 2175 verbo
907 2130 1003 2193 quam
1026 2108 1101 2173 scri-

143 2202 244 2283 ptura
265 2200 418 2265 mandata
441 2200 600 2283 dedimus,
625 2203 663 2263 ut
686 2202 718 2263 et
739 2198 855 2263 tectius
883 2197 924 2262 ad
950 2218 1009 2262 uos
1030 2217 1100 2281 per·

141 2288 308 2353 ferrentur
330 2291 445 2354 atnoe
469 2310 610 2353 essemus
632 2287 781 2370 tutiores,
804 2286 982 2371 quibusque
1005 2283 1101 2349 rebus

143 2379 181 2440 et
204 2397 405 2444 communem
433 2377 569 2441 salutern
592 2376 711 2440 muniri
739 2377 771 2439 et
797 2396 857 2441 nos
885 2373 1003 2439 armari
1026 2394 1100 2438 con-

144 2465 271 2530 veniret
288 2465 517 2551 praecepimus.
553 2464 604 2528 Ex
622 2487 686 2549 quo
704 2463 843 2550 intelligi
860 2466 969 2548 potest
992 2483 1100 2526 curam

144 2553 194 2618 rei
219 2554 367 2638 publicae
395 2574 537 2618 summae
560 2552 781 2618 defendundae
804 2551 993 2636 iampridem
1015 2549 1101 2635 apud

145 2663 208 2706 nos
231 2642 396 2707 excubare.
444 2640 555 2726 Nunc,
581 2664 680 2726 quum
708 2641 803 2705 deum
829 2639 1031 2724 benignitate
1059 2639 1134 2703 aba

144 2730 237 2795 omni
258 2752 293 2795 re
317 2752 426 2795 sumus
444 2731 632 2816 paratiores,
654 2751 722 2794 non
744 2729 848 2795 solum
870 2728 952 2792 bene
972 2747 1101 2811 sperare

144 2818 186 2882 de
209 2819 304 2884 nobis
326 2818 487 2902 homineS,
514 2819 569 2882 sed
592 2820 755 2902 explorate
777 2815 917 2880 iudicare
941 2815 1100 2880 volumus:

145 2907 291 2992 legiones
313 2907 418 2972 habeo
442 2907 582 2991 quinque
606 2907 664 2970 sub
689 2905 791 2990 signis
819 2907 852 2968 et
875 2924 932 2967 sua
954 2903 1016 2967 fide
1039 2903 1100 2967 rir-

142 2999 279 3079 tuteqne
301 2995 348 3059 rei
370 2996 517 3079 publicae
536 2993 813 3060 coniunctissimas
836 2996 868 3056 et
890 2996 1002 3056 nostra
1023 2991 1100 3055 libe·

145 3083 275 3148 ralitate
293 3083 387 3147 nobis
407 3084 630 3168 obsequentes,
646 3081 845 3167 provinciam
864 3079 1007 3145 omnium
1027 3079 1100 3142 civi·
1200 3083 1203 3090 ’

144 3171 264 3236 tatium
278 3192 435 3237 consensu
449 3171 687 3256 paratissimam
706 3174 739 3234 et
756 3190 880 3234 summa
894 3166 1100 3233 contentione

218 3326 270 3396 Ep.
290 3333 319 3395 8,
338 3335 362 3382 3.
399 3327 560 3383 alliciendus
587 3326 690 3395 (Man).
735 3326 792 3379 elic.
815 3323 881 3378 ΜΒ.
910 3353 943 3362 -
969 3326 1102 3392 praesecet

141 3397 222 3467 1(W.).
255 3399 439 3466 praesument
456 3398 503 3467 M,
520 3398 616 3468 vulgo.
659 3402 685 3450 4.
712 3400 783 3461 tum,
801 3395 883 3449 dium
900 3394 955 3446 inu.
974 3411 1009 3462 q,
1026 3393 1102 3459 sciri,

141 3468 310 3607 magog),
327 3475 365 3594 Bt.
384 3485 405 3524 e.
424 3470 444 3524 ι’.
462 3486 486 3538 q.
505 3484 536 3536 a,
553 3486 578 3537 q.
597 3467 628 3520 B.
665 3472 690 3521 o.
717 3483 740 3521 r.
758 3483 785 3534 p.
800 3480 918 3521 summae
932 3463 990 3534 (M.)
1036 3479 1059 3518 r.
1069 3479 1101 3533 p.

202 3627 316 3670 Ciceroni·
330 3631 392 3678 epist,
406 3631 424 3670 1.
854 3629 887 3676 20
