2556 3986
251 158 317 222 512
534 153 925 212 uroruroionaorus

251 300 491 388 philosophiam
514 299 555 366 ad
582 304 615 365 te
642 301 794 385 allegem,
822 321 886 383 qua
912 319 975 364 nso
1003 299 1093 364 mihi
1123 301 1226 366 carior
1253 330 1254 386 p

251 391 319 455 ulla
341 411 494 474 umquam
516 409 568 454 res
590 389 625 454 in
647 389 715 454 rita
737 388 801 453 fuit
820 409 882 452 -neo
903 387 1084 453 hominurn
1114 391 1224 474 generi

251 479 355 544 maius
379 500 399 542 a
421 478 489 543 deis
511 499 629 542 munus
651 477 755 542 ullum
777 479 827 541 est
850 476 974 542 dahrm:
1002 475 1092 542 haee
1117 478 1224 563 igitur,

252 566 437 651 quaemihi
459 569 567 630 tecum
589 565 768 630 eommunis
789 568 848 647 ost,
869 565 1008 630 societas
1034 565 1223 632 studiorum
1254 566 1255 606 l

251 661 348 740 atque
376 654 495 718 artium
522 656 721 737 nostrarum,
752 653 869 737 quibus
898 675 919 717 a
944 653 1095 736 pueritia
1126 654 1222 719 dediti

251 765 290 808 ao
313 741 454 808 damnati
477 742 537 806 soli
559 741 792 826 propemodum
814 761 876 808 nos
895 740 1152 825 philosophiam
1177 765 1221 807 ve

251 853 322 902 ram
344 831 435 895 illam
456 833 490 894 et
516 830 697 914 antiquam,
723 851 806 914 quse
834 829 1027 913 quibusdam
1060 831 1129 894 otii
1157 853 1220 896 osse

251 941 290 984 ao
312 918 453 983 desidiae
475 918 615 1001 ridetur,
642 918 677 982 in
703 917 811 982 forum
833 920 930 1001 atque
957 917 1092 982 iurem
1119 919 1220 1004 publi·
1255 921 1256 946 ³

251 1029 323 1072 cam
345 1012 443 1091 atque
465 1007 501 1070 in
519 1007 624 1091 ipsam
642 1006 743 1072 aoiem
760 1026 863 1090 paene
883 1005 1088 1090 deduximus,
1115 1011 1220 1072 tecum

251 1096 322 1180 agit
349 1095 388 1160 de
415 1116 489 1160 mea
513 1095 622 1177 laude,
653 1094 705 1160 oui
732 1094 845 1180 negari
874 1116 895 1158 a
917 1090 1043 1158 Catone
1071 1095 1131 1160 faa
1157 1118 1220 1161 esse

251 1205 320 1249 non
341 1187 432 1267 puto.
476 1182 692 1259 Quamobrem
718 1182 778 1250 tihi
806 1183 853 1248 sio
880 1182 1079 1267 persuadeas
1111 1186 1219 1249 velini:

218 1304 221 1308 ’
251 1273 280 1336 si
302 1272 381 1338 mihi
403 1276 461 1336 tna
493 1271 654 1338 sententia
685 1271 826 1336 tributus
852 1271 958 1337 honos
986 1292 1027 1336 ex
1054 1273 1147 1338 meis
1175 1274 1219 1337 lit

250 1360 329 1424 teris
347 1360 455 1443 fuerit,
477 1381 528 1424 ma
548 1360 593 1424 sio
612 1359 877 1442 smslnmaturum,
900 1381 1000 1443 quum
1018 1362 1218 1428 auctoritate

251 1451 317 1529 tua,
338 1451 410 1512 tum
431 1447 657 1513 benevolentia
679 1469 757 1534 erga
779 1469 831 1512 me
851 1447 941 1532 mihi,
963 1447 1054 1532 quod
1078 1451 1217 1516 maxime

174 1580 178 1587 -
252 1534 416 1620 cupierim,
438 1535 621 1621 contigisse.
1026 1541 1028 1546 '

711 1728 752 1795 V.

187 1915 193 1928 .
287 1840 343 1896 Sor.
363 1839 469 1898 Romae
487 1841 562 1897 inter
579 1841 652 1896 Non.
670 1839 738 1895 Mai.
757 1843 786 1896 st
802 1839 876 1896 Non.
895 1839 955 1896 Iun.
975 1857 1001 1896 a.
1020 1859 1049 1898 u.
1070 1857 1099 1900 o.
1119 1848 1183 1899 ⁷04,

434 1965 471 2020 M.
491 1964 585 2021 CATO
605 1965 632 2020 S.
651 1964 685 2020 D.
703 1963 741 2018 ll.
761 1962 932 2020 CICERONI
950 1963 1026 2020 IMP.

216 2084 229 2133 r
316 2063 410 2140 Quod
432 2068 538 2130 otras
561 2063 690 2148 publiea
712 2085 763 2128 me
786 2067 821 2128 st
837 2067 950 2128 nostra
969 2064 1124 2130 amioitia
1148 2067 1215 2131 hor·

249 2156 346 2237 tatur,
367 2153 507 2219 libenter
525 2151 620 2235 facio,
637 2155 676 2217 ut
692 2155 783 2216 tuam
800 2151 962 2234 virtutem,
980 2151 1217 2236 innooentiam,

250 2241 465 2326 ddigentiam,
492 2239 658 2326 cognitam
684 2239 720 2304 in
747 2239 893 2304 maximis
920 2239 1017 2304 rebus
1047 2240 1146 2308 domi
1174 2247 1216 2308 a·

249 2330 332 2414 gati,
359 2329 476 2394 armati
502 2328 582 2394 foris
605 2328 675 2412 pari
697 2328 857 2394 industria
884 2327 1114 2394 administrari
1143 2352 1216 2416 gau-

249 2418 355 2483 deam:
383 2417 505 2500 itaque‚
533 2416 619 2500 quod
646 2438 705 2500 pro
732 2437 804 2482 meo
832 2414 949 2480 iudicio
978 2415 1091 2482 faeere
1116 2418 1216 2502 potui,

248 2507 286 2568 ot
308 2503 494 2568 innocentia
516 2504 792 2590 consilioqustuo
812 2503 978 2568 defensam
999 2505 1216 2589 provinciam,

249 2594 412 2658 servatum
434 2591 662 2658 Ariobarzanis
690 2613 763 2656 oum
789 2592 861 2676 ipso
883 2611 960 2675 rege
983 2611 1145 2679 regnum,
1170 2616 1214 2659 so·

249 2680 371 2746 ciorum
392 2685 577 2747 revocatam
596 2680 636 2745 ad
659 2680 802 2746 studium
824 2678 951 2764 imperii
968 2680 1077 2744 nostri
1102 2683 1214 2748 volun-

247 2771 350 2834 tatem
381 2770 543 2836 sententia
578 2790 651 2833 mea
687 2771 720 2832 et
756 2767 884 2832 decreto
919 2766 1108 2853 laudarem,
1146 2770 1215 2834 feei.

211 2853 524 2940 aSupplioationem
556 2857 731 2940 decretam,
762 2855 791 2920 si
821 2860 874 2939 tu,
905 2875 970 2939 qua
1001 2854 1038 2919 in
1066 2877 1105 2921 ro
1134 2857 1214 2922 nihil

246 2943 397 3027 fortuito,
424 2946 481 3011 sod
503 2967 629 3012 summa
651 2948 709 3011 tua
731 2943 857 3008 ratione
881 2946 914 3006 et
935 2942 1148 3010 continentia
1171 2945 1214 3010 rei
1260 2955 1261 2968 ¹

245 3032 393 3117 publicae
420 3034 585 3118 provisum
613 3037 675 3115 est,
707 3032 756 3098 dis
783 3029 1021 3095 immortalibus
1052 3033 1213 3116 gratulari

246 3142 306 3185 nos
339 3142 436 3204 quam
467 3121 529 3186 tibi
559 3121 678 3186 referre
712 3120 879 3204 acceptum
914 3116 1033 3202 mavis,
1071 3121 1212 3204 gaudeo:

315 3345 456 3417 E.5,1.
492 3349 580 3418 delia,
607 3362 682 3416 cogo.
707 3345 741 3401 ἐκ
762 3361 797 3399 m.
820 3342 899 3396 rebus
921 3341 995 3396 domi
1023 3347 1059 3409 t,
1086 3361 1114 3400 a.
1143 3346 1211 3414 [αὴ
1259 3265 1261 3340 ¹

239 3415 309 3484 para·
326 3363 470 3486 (dlsislre).
510 3420 537 3474 d.
556 3434 579 3473 r.
598 3417 630 3471 ia
648 3432 683 3471 m.
700 3431 734 3482 r.,
752 3415 779 3470 d.
798 3417 827 3476 t,
846 3429 871 3466 a.
889 3412 925 3478 fi,
938 3427 968 3480 p.
988 3411 1089 3484 vulgo.
1110 3445 1147 3458 -
1165 3417 1211 3473 aa

243 3486 400 3543 disrarari
418 3488 486 3558 (lh).
522 3487 719 3543 administrare
736 3485 779 3539 od.
798 3480 869 3550 Eri,
888 3481 918 3535 B.
