2568 3980
238 235 300 298 140
517 232 555 288 II
574 231 698 287 uuum
716 229 906 286 CICERONIS

183 394 216 444 ιο
232 382 346 445 nostra
367 376 578 462 phcrfmsmnr
618 373 680 441 His
702 374 741 440 de
764 374 860 441 rebus
883 373 959 459 quid
982 376 1112 439 acturus
1135 375 1194 458 sis,

233 468 261 533 si
282 467 344 532 tibi
365 487 434 532 non
456 469 507 530 est
527 465 713 549 molestum,
738 463 895 528 rescribas
922 461 1003 528 mihi
1024 463 1135 546 velim3
1163 465 1193 528 si

233 556 320 620 enim
342 555 479 639 suscipis
502 573 646 636 causam,
674 551 843 618 conficiam
870 551 1192 616 commentariosre·

232 665 305 709 rum
328 644 481 727 omnium,
504 642 555 706 sin
573 643 681 706 autem
699 641 808 705 differs
825 661 877 704 ma
894 640 930 704 in
946 643 1075 724 tempus
1093 639 1193 722 aliud,

233 752 342 798 corsm
367 735 476 796 tecum
501 729 624 814 loquer
670 733 718 794 Tu
743 728 869 794 interes
894 749 963 793 non
989 726 1131 793 cessabis
1159 732 1194 793 et

233 841 281 906 ea,
302 841 385 905 quoe
407 818 508 897 habes
529 818 688 898 institute,
710 817 870 902 perpolies
892 837 1017 900 nosque
1038 816 1166 902 diliges.

666 1080 756 1146 XIII.
776 1139 778 1142 .

380 1221 438 1278 Scr.
462 1223 582 1277 Asturae
605 1237 699 1276 mense
722 1219 814 1290 Aprili
837 1237 862 1274 a.
885 1239 912 1274 ιι.
935 1237 958 1274 c.
984 1225 1042 1274 709.

422 1377 460 1434 Μ.
475 1377 604 1435 eloneo
619 1379 646 1433 S.
660 1377 694 1434 D.
708 1377 739 1432 L.
754 1377 907 1434 Lucumo
922 1379 953 1444 Q.
967 1377 999 1433 F.

198 1523 213 1574 ι
300 1505 501 1591 Quamquam
532 1505 605 1590 ipsa
635 1506 813 1572 consolatio
848 1506 1030 1572 litterarum
1059 1507 1196 1572 tuorum

233 1595 314 1662 mibi
336 1595 520 1680 gratissima
543 1597 656 1660 est-
680 1593 823 1658 declaret
845 1594 932 1658 enim
954 1615 1114 1660 summam
1138 1595 1194 1660 be

232 1683 452 1751 nevolentiam
473 1683 679 1748 coniunctam
703 1683 776 1767 pari
801 1682 974 1767 prudentia
995 1719 1053 1768 -‚
1079 1685 1195 1748 tumen

232 1772 325 1838 illum
337 1772 480 1838 fructum
497 1792 537 1836 ex
553 1770 594 1836 iis
611 1771 727 1836 litteris
744 1771 796 1836 vel
813 1771 989 1836 maximum
1003 1771 1083 1856 cepi,
1103 1773 1195 1856 quod

232 1865 267 1926 te
288 1860 452 1945 praeclare
473 1880 526 1926 res
547 1858 707 1924 humanas
730 1861 991 1927 contemnentem
1013 1863 1047 1924 et
1068 1859 1194 1944 optime
1278 1901 1279 1948 t

234 1953 348 2016 contra
382 1947 549 2014 fortunam
587 1950 737 2032 pacatum
778 1950 1001 2032 armatumque
1037 1951 1195 2052 cognovi3
1278 1955 1279 1967 *

233 2059 374 2123 quamq
374 2037 482 2103 uidem
503 2034 631 2103 leudem
658 2036 835 2121 sapientiae
857 2038 965 2102 statuo
993 2055 1062 2102 esee
1089 2039 1194 2102 maxi-

197 2060 1194 2297 2tmitntltttzttttttfflttttu*tt

233 2302 389 2404 cogitatio
411 2323 510 2384 quum
532 2299 613 2364 mihi
634 2321 703 2368 non
725 2300 857 2366 omnino
885 2301 1119 2366 excidisset-
1277 2307 1278 2310 ’

232 2391 320 2456 enim
345 2389 475 2473 penitus
501 2387 729 2452 inscdsrst-
732 2388 797 2472 ,ιι
822 2392 933 2456 tamen
959 2393 1194 2476 tempestatum

233 2481 267 2558 et
279 2497 438 2542 concursu
456 2475 677 2542 calamitatum
695 2480 766 2542 erat
778 2477 980 2562 aliquantum
993 2477 1194 2546 labefactata

233 2553 329 2649 atque
352 2564 520 2647 consulem
547 2563 599 2628 cui
624 2567 658 2628 te
681 2564 834 2649 opitulari
856 2569 890 2632 et
915 2565 1049 2632 videos
1050 2566 1120 2631 tid
1143 2569 1193 2633 fe·
1276 2607 1277 2656 3

232 2654 313 2720 cisse
340 2652 439 2718 etiam
465 2651 619 2737 proximis
646 2652 762 2718 litteris
791 2654 991 2738 multumque
1014 2653 1192 2738 proiecisse

233 2741 347 2808 sentio
390 2739 505 2826 Itaque
532 2739 595 2806 hoc
622 2741 751 2825 saepius
777 2741 949 2808 dicendum
975 2741 1098 2826 tibique
1120 2765 1192 2810 non

231 2829 628 2985 ttffittttttt
650 2828 1189 3004 {ttttttttlttt

196 3005 285 3072 ald
305 2969 541 3073 ’consolandum
562 3009 671 3072 ontmn
694 3028 793 3091 quum
810 3007 867 3070 illa
883 3006 1003 3091 valent,
1025 3029 1109 3092 quae
1126 3009 1192 3074 ele·
1275 2993 1276 3015 ἒ

232 3097 348 3182 genter
370 3095 561 3180 copioseque
588 3095 759 3179 collegisti,
785 3097 856 3160 tum
881 3095 964 3160 nihil
990 3095 1064 3179 plus
1091 3117 1192 3180 quam

232 3184 318 3270 qnod
331 3182 562 3248 firmitudinem
574 3183 830 3268 gravilatemque
848 3183 948 3250 animi
965 3185 1013 3248 tui
1031 3187 1192 3270 perspexi,

232 3293 330 3357 quam
346 3293 415 3338 non
431 3271 552 3336 imitari
569 3270 791 3354 turpissimum
811 3271 967 3336 existimo.
1002 3270 1112 3356 Atque
1125 3271 1191 3339 hoc
1274 3321 1275 3358 p

232 3361 330 3426 etism
360 3360 528 3426 fortiorem
559 3377 611 3422 ms
641 3362 721 3442 puto
754 3379 851 3443 quam
882 3362 915 3424 te
945 3359 1066 3445 ipsum,
1096 3383 1191 3446 prse-
1274 3359 1275 3363 ’

302 3567 354 3637 Ep.
376 3574 417 3636 13,
431 3574 456 3623 2.
492 3571 518 3622 ct
534 3581 610 3624 mcc
625 3566 703 3622 mileo
722 3566 807 3637 (Ἧι
