<?xml version="1.0" encoding="UTF-8"?>
<!DOCTYPE html PUBLIC "-//W3C//DTD XHTML 1.0 Transitional//EN"
    "http://www.w3.org/TR/xhtml1/DTD/xhtml1-transitional.dtd">
<html xmlns="http://www.w3.org/1999/xhtml" xml:lang="en" lang="en">
 <head>
  <title>
</title>
<meta http-equiv="Content-Type" content="text/html;charset=utf-8" />
  <meta name='ocr-system' content='tesseract 3.04.00' />
  <meta name='ocr-capabilities' content='ocr_page ocr_carea ocr_par ocr_line ocrx_word'/>
</head>
<body>
  <div class='ocr_page' id='page_1' title='image "./epistolae00wesegoog_0473.png"; bbox 0 0 2636 3986; ppageno 0'>
   <div class='ocr_carea' id='block_1_1' title="bbox 355 230 1071 296">
    <p class='ocr_par' dir='ltr' id='par_1_1' title="bbox 355 230 1071 296">
     <span class='ocr_line' id='line_1_1' title="bbox 355 230 1071 296; baseline 0.015 -10"><span class='ocrx_word' id='word_1_1' title='bbox 355 230 613 291; x_wconf 79' lang='lat' dir='ltr'><strong>EPISTOLARUM</strong></span> <span class='ocrx_word' id='word_1_2' title='bbox 631 231 705 286; x_wconf 87' lang='lat' dir='ltr'>XIIL</span> <span class='ocrx_word' id='word_1_3' title='bbox 724 237 836 286; x_wconf 77' lang='lat'><strong>52-55.</strong></span> <span class='ocrx_word' id='word_1_4' title='bbox 1006 233 1071 296; x_wconf 84' lang='grc'><strong>461</strong></span> 
     </span>
    </p>
   </div>
   <div class='ocr_carea' id='block_1_2' title="bbox 108 375 1075 1344">
    <p class='ocr_par' dir='ltr' id='par_1_2' title="bbox 108 375 1075 1344">
     <span class='ocr_line' id='line_1_2' title="bbox 108 375 1074 462; baseline -0.004 -18"><span class='ocrx_word' id='word_1_5' title='bbox 108 377 160 444; x_wconf 89' lang='grc' dir='ltr'><strong>Μ.</strong></span> <span class='ocrx_word' id='word_1_6' title='bbox 183 375 379 460; x_wconf 77' lang='lat' dir='ltr'><strong>Marcilium,</strong></span> <span class='ocrx_word' id='word_1_7' title='bbox 406 375 501 440; x_wconf 88' lang='lat' dir='ltr'><strong>amici</strong></span> <span class='ocrx_word' id='word_1_8' title='bbox 528 379 625 459; x_wconf 87' lang='lat' dir='ltr'><strong>atque</strong></span> <span class='ocrx_word' id='word_1_9' title='bbox 656 375 842 460; x_wconf 77' lang='lat' dir='ltr'><strong>interpretis</strong></span> <span class='ocrx_word' id='word_1_10' title='bbox 873 377 936 441; x_wconf 89' lang='lat' dir='ltr'><strong>mei</strong></span> <span class='ocrx_word' id='word_1_11' title='bbox 963 376 1074 462; x_wconf 88' lang='lat' dir='ltr'><strong>filium,</strong></span> 
     </span>
     <span class='ocr_line' id='line_1_3' title="bbox 110 462 1074 546; baseline -0.002 -15"><span class='ocrx_word' id='word_1_12' title='bbox 110 464 340 531; x_wconf 87' lang='lat' dir='ltr'><strong>liberalissime</strong></span> <span class='ocrx_word' id='word_1_13' title='bbox 366 463 559 546; x_wconf 72' lang='lat' dir='ltr'><strong>tractavisti,</strong></span> <span class='ocrx_word' id='word_1_14' title='bbox 590 463 680 528; x_wconf 83' lang='lat' dir='ltr'><strong>venit</strong></span> <span class='ocrx_word' id='word_1_15' title='bbox 709 464 795 528; x_wconf 93' lang='lat' dir='ltr'><strong>enim</strong></span> <span class='ocrx_word' id='word_1_16' title='bbox 822 462 1014 530; x_wconf 73' lang='lat' dir='ltr'><strong>Laodiceam</strong></span> <span class='ocrx_word' id='word_1_17' title='bbox 1041 469 1074 529; x_wconf 90' lang='lat' dir='ltr'><strong>et</strong></span> 
     </span>
     <span class='ocr_line' id='line_1_4' title="bbox 111 551 1073 637; baseline -0.001 -19"><span class='ocrx_word' id='word_1_18' title='bbox 111 554 178 618; x_wconf 94' lang='lat' dir='ltr'><strong>tibi</strong></span> <span class='ocrx_word' id='word_1_19' title='bbox 200 552 286 637; x_wconf 91' lang='lat' dir='ltr'><strong>apud</strong></span> <span class='ocrx_word' id='word_1_20' title='bbox 313 573 366 616; x_wconf 90' lang='lat' dir='ltr'><strong>me</strong></span> <span class='ocrx_word' id='word_1_21' title='bbox 388 551 531 635; x_wconf 84' lang='lat' dir='ltr'><strong>mihique</strong></span> <span class='ocrx_word' id='word_1_22' title='bbox 558 555 745 636; x_wconf 88' lang='lat' dir='ltr'><strong>propterte</strong></span> <span class='ocrx_word' id='word_1_23' title='bbox 773 553 895 637; x_wconf 85' lang='lat' dir='ltr'><strong>gratias</strong></span> <span class='ocrx_word' id='word_1_24' title='bbox 918 553 1073 617; x_wconf 88' lang='lat' dir='ltr'><strong>maximas</strong></span> 
     </span>
     <span class='ocr_line' id='line_1_5' title="bbox 113 640 1074 728; baseline -0.001 -21"><span class='ocrx_word' id='word_1_25' title='bbox 113 643 194 728; x_wconf 85' lang='lat' dir='ltr'><strong>egit.</strong></span> <span class='ocrx_word' id='word_1_26' title='bbox 239 640 358 724; x_wconf 78' lang='lat' dir='ltr'><strong>Quare,</strong></span> <span class='ocrx_word' id='word_1_27' title='bbox 391 641 477 723; x_wconf 89' lang='lat' dir='ltr'><strong>quod</strong></span> <span class='ocrx_word' id='word_1_28' title='bbox 502 640 662 724; x_wconf 90' lang='lat' dir='ltr'><strong>reliquum</strong></span> <span class='ocrx_word' id='word_1_29' title='bbox 689 644 752 723; x_wconf 89' lang='lat' dir='ltr'><strong>est,</strong></span> <span class='ocrx_word' id='word_1_30' title='bbox 777 663 798 704; x_wconf 86' lang='lat' dir='ltr'><strong>a</strong></span> <span class='ocrx_word' id='word_1_31' title='bbox 824 643 857 706; x_wconf 88' lang='lat' dir='ltr'><strong>te</strong></span> <span class='ocrx_word' id='word_1_32' title='bbox 879 643 969 726; x_wconf 90' lang='lat' dir='ltr'><strong>peto,</strong></span> <span class='ocrx_word' id='word_1_33' title='bbox 995 663 1074 725; x_wconf 91' lang='lat' dir='ltr'><strong>quo·</strong></span> 
     </span>
     <span class='ocr_line' id='line_1_6' title="bbox 113 728 1073 814; baseline -0.001 -19"><span class='ocrx_word' id='word_1_34' title='bbox 113 731 208 795; x_wconf 87' lang='lat' dir='ltr'><strong>niam</strong></span> <span class='ocrx_word' id='word_1_35' title='bbox 230 728 315 813; x_wconf 85' lang='lat' dir='ltr'><strong>apud</strong></span> <span class='ocrx_word' id='word_1_36' title='bbox 338 731 448 814; x_wconf 86' lang='lat' dir='ltr'><strong>gratos</strong></span> <span class='ocrx_word' id='word_1_37' title='bbox 470 728 618 794; x_wconf 88' lang='lat' dir='ltr'><strong>homines</strong></span> <span class='ocrx_word' id='word_1_38' title='bbox 640 728 830 794; x_wconf 88' lang='lat' dir='ltr'><strong>heneficium</strong></span> <span class='ocrx_word' id='word_1_39' title='bbox 850 729 954 812; x_wconf 89' lang='lat' dir='ltr'><strong>ponis,</strong></span> <span class='ocrx_word' id='word_1_40' title='bbox 976 733 1013 794; x_wconf 89' lang='lat' dir='ltr'><strong>ut</strong></span> <span class='ocrx_word' id='word_1_41' title='bbox 1035 750 1073 794; x_wconf 91' lang='lat' dir='ltr'><strong>eo</strong></span> 
     </span>
     <span class='ocr_line' id='line_1_7' title="bbox 114 817 1074 902; baseline -0.001 -19"><span class='ocrx_word' id='word_1_42' title='bbox 114 818 271 884; x_wconf 87' lang='lat' dir='ltr'><strong>libentius</strong></span> <span class='ocrx_word' id='word_1_43' title='bbox 294 817 334 882; x_wconf 89' lang='lat' dir='ltr'><strong>iis</strong></span> <span class='ocrx_word' id='word_1_44' title='bbox 358 817 540 882; x_wconf 87' lang='lat' dir='ltr'><strong>commodes</strong></span> <span class='ocrx_word' id='word_1_45' title='bbox 563 838 756 902; x_wconf 80' lang='lat' dir='ltr'><strong>operamque</strong></span> <span class='ocrx_word' id='word_1_46' title='bbox 779 817 845 902; x_wconf 92' lang='lat' dir='ltr'><strong>des,</strong></span> <span class='ocrx_word' id='word_1_47' title='bbox 867 817 973 902; x_wconf 91' lang='lat' dir='ltr'><strong>quoad</strong></span> <span class='ocrx_word' id='word_1_48' title='bbox 995 817 1074 882; x_wconf 89' lang='lat' dir='ltr'><strong>fides</strong></span> 
     </span>
     <span class='ocr_line' id='line_1_8' title="bbox 115 905 1075 990; baseline -0.002 -18"><span class='ocrx_word' id='word_1_49' title='bbox 115 911 177 972; x_wconf 87' lang='lat' dir='ltr'><strong>tua</strong></span> <span class='ocrx_word' id='word_1_50' title='bbox 207 905 361 990; x_wconf 88' lang='lat' dir='ltr'><strong>patietur,</strong></span> <span class='ocrx_word' id='word_1_51' title='bbox 392 909 430 970; x_wconf 92' lang='lat' dir='ltr'><strong>ut</strong></span> <span class='ocrx_word' id='word_1_52' title='bbox 461 926 571 970; x_wconf 86' lang='lat' dir='ltr'><strong>socrus</strong></span> <span class='ocrx_word' id='word_1_53' title='bbox 606 906 818 971; x_wconf 88' lang='lat' dir='ltr'><strong>adolescentis</strong></span> <span class='ocrx_word' id='word_1_54' title='bbox 849 927 905 970; x_wconf 88' lang='lat' dir='ltr'><strong>rea</strong></span> <span class='ocrx_word' id='word_1_55' title='bbox 935 927 977 970; x_wconf 90' lang='lat' dir='ltr'><strong>ne</strong></span> <span class='ocrx_word' id='word_1_56' title='bbox 1008 907 1075 970; x_wconf 89' lang='lat' dir='ltr'><strong>fiat.</strong></span> 
     </span>
     <span class='ocr_line' id='line_1_9' title="bbox 116 993 1075 1096; baseline -0.002 -34"><span class='ocrx_word' id='word_1_57' title='bbox 116 993 193 1080; x_wconf 80' lang='lat' dir='ltr'><strong>Ego</strong></span> <span class='ocrx_word' id='word_1_58' title='bbox 213 1016 312 1079; x_wconf 93' lang='lat' dir='ltr'><strong>quum</strong></span> <span class='ocrx_word' id='word_1_59' title='bbox 330 996 427 1058; x_wconf 85' lang='lat' dir='ltr'><strong>antea</strong></span> <span class='ocrx_word' id='word_1_60' title='bbox 445 997 476 1058; x_wconf 89' lang='lat' dir='ltr'><strong>st</strong></span> <span class='ocrx_word' id='word_1_61' title='bbox 461 993 587 1059; x_wconf 89' lang='lat' dir='ltr'><strong>tudiose</strong></span> <span class='ocrx_word' id='word_1_62' title='bbox 606 994 871 1060; x_wconf 87' lang='lat' dir='ltr'><strong>commendabam</strong></span> <span class='ocrx_word' id='word_1_63' title='bbox 884 993 1075 1096; x_wconf 79' lang='lat' dir='ltr'><strong>Marcilium,</strong></span> 
     </span>
     <span class='ocr_line' id='line_1_10' title="bbox 117 1082 1074 1168; baseline -0.002 -20"><span class='ocrx_word' id='word_1_64' title='bbox 117 1087 190 1148; x_wconf 91' lang='lat' dir='ltr'><strong>tum</strong></span> <span class='ocrx_word' id='word_1_65' title='bbox 212 1083 316 1147; x_wconf 91' lang='lat' dir='ltr'><strong>multo</strong></span> <span class='ocrx_word' id='word_1_66' title='bbox 338 1103 425 1146; x_wconf 91' lang='lat' dir='ltr'><strong>nunc</strong></span> <span class='ocrx_word' id='word_1_67' title='bbox 449 1082 638 1168; x_wconf 81' lang='lat' dir='ltr'><strong>studiosius,</strong></span> <span class='ocrx_word' id='word_1_68' title='bbox 661 1082 778 1166; x_wconf 90' lang='lat' dir='ltr'><strong>quod</strong></span> <span class='ocrx_word' id='word_1_69' title='bbox 769 1105 804 1147; x_wconf 91' lang='lat' dir='ltr'><strong>1n</strong></span> <span class='ocrx_word' id='word_1_70' title='bbox 826 1083 945 1168; x_wconf 87' lang='lat' dir='ltr'><strong>longa</strong></span> <span class='ocrx_word' id='word_1_71' title='bbox 948 1083 1074 1167; x_wconf 88' lang='lat' dir='ltr'><strong>appari·</strong></span> 
     </span>
     <span class='ocr_line' id='line_1_11' title="bbox 117 1169 1074 1257; baseline 0 -21"><span class='ocrx_word' id='word_1_72' title='bbox 117 1171 209 1236; x_wconf 90' lang='lat' dir='ltr'><strong>tione</strong></span> <span class='ocrx_word' id='word_1_73' title='bbox 232 1170 430 1257; x_wconf 84' lang='lat' dir='ltr'><strong>singularem</strong></span> <span class='ocrx_word' id='word_1_74' title='bbox 451 1175 485 1236; x_wconf 89' lang='lat' dir='ltr'><strong>et</strong></span> <span class='ocrx_word' id='word_1_75' title='bbox 505 1193 606 1256; x_wconf 89' lang='lat' dir='ltr'><strong>prope</strong></span> <span class='ocrx_word' id='word_1_76' title='bbox 628 1171 848 1236; x_wconf 80' lang='lat' dir='ltr'><strong>incredibilem</strong></span> <span class='ocrx_word' id='word_1_77' title='bbox 870 1170 971 1255; x_wconf 85' lang='lat' dir='ltr'><strong>patris</strong></span> <span class='ocrx_word' id='word_1_78' title='bbox 990 1169 1074 1236; x_wconf 87' lang='lat' dir='ltr'><strong>Mar·</strong></span> 
     </span>
     <span class='ocr_line' id='line_1_12' title="bbox 119 1258 1009 1344; baseline 0 -20"><span class='ocrx_word' id='word_1_79' title='bbox 119 1259 185 1324; x_wconf 91' lang='lat' dir='ltr'><strong>cilii</strong></span> <span class='ocrx_word' id='word_1_80' title='bbox 208 1258 313 1344; x_wconf 87' lang='lat' dir='ltr'><strong>fidem,</strong></span> <span class='ocrx_word' id='word_1_81' title='bbox 335 1259 565 1325; x_wconf 84' lang='lat' dir='ltr'><strong>abstinentiam</strong></span> <span class='ocrx_word' id='word_1_82' title='bbox 587 1259 839 1344; x_wconf 75' lang='lat' dir='ltr'><strong>modestiamque</strong></span> <span class='ocrx_word' id='word_1_83' title='bbox 862 1259 1009 1344; x_wconf 83' lang='lat' dir='ltr'><strong>cognovi.</strong></span> 
     </span>
    </p>
   </div>
   <div class='ocr_carea' id='block_1_3' title="bbox 561 1435 629 1502">
    <p class='ocr_par' dir='ltr' id='par_1_3' title="bbox 561 1435 629 1502">
     <span class='ocr_line' id='line_1_13' title="bbox 561 1435 629 1502; baseline 0 -1"><span class='ocrx_word' id='word_1_84' title='bbox 561 1435 629 1502; x_wconf 88' lang='lat' dir='ltr'><strong>LV.</strong></span> 
     </span>
    </p>
   </div>
   <div class='ocr_carea' id='block_1_4' title="bbox 176 1537 1021 1596">
    <p class='ocr_par' dir='ltr' id='par_1_4' title="bbox 176 1537 1021 1596">
     <span class='ocr_line' id='line_1_14' title="bbox 176 1537 1021 1596; baseline 0.001 -3"><span class='ocrx_word' id='word_1_85' title='bbox 176 1537 232 1594; x_wconf 79' lang='lat' dir='ltr'><strong>Sor.</strong></span> <span class='ocrx_word' id='word_1_86' title='bbox 250 1537 281 1594; x_wconf 87' lang='lat' dir='ltr'><strong>in</strong></span> <span class='ocrx_word' id='word_1_87' title='bbox 299 1537 398 1595; x_wconf 81' lang='lat' dir='ltr'><strong>Cilicia</strong></span> <span class='ocrx_word' id='word_1_88' title='bbox 415 1542 532 1595; x_wconf 80' lang='lat' dir='ltr'><strong>exeunte</strong></span> <span class='ocrx_word' id='word_1_89' title='bbox 550 1556 644 1595; x_wconf 89' lang='lat' dir='ltr'><strong>meuse</strong></span> <span class='ocrx_word' id='word_1_90' title='bbox 661 1539 810 1596; x_wconf 88' lang='lat' dir='ltr'><strong>Decembri</strong></span> <span class='ocrx_word' id='word_1_91' title='bbox 827 1557 852 1593; x_wconf 85' lang='lat' dir='ltr'><strong>a.</strong></span> <span class='ocrx_word' id='word_1_92' title='bbox 871 1557 897 1594; x_wconf 89' lang='lat' dir='ltr'><strong>u.</strong></span> <span class='ocrx_word' id='word_1_93' title='bbox 918 1555 941 1594; x_wconf 88' lang='lat' dir='ltr'><strong>c.</strong></span> <span class='ocrx_word' id='word_1_94' title='bbox 961 1543 1021 1594; x_wconf 74' lang='lat'><strong>708.</strong></span> 
     </span>
    </p>
   </div>
   <div class='ocr_carea' id='block_1_5' title="bbox 324 1661 867 1719">
    <p class='ocr_par' dir='ltr' id='par_1_5' title="bbox 324 1661 867 1719">
     <span class='ocr_line' id='line_1_15' title="bbox 324 1661 867 1719; baseline -0.004 -1"><span class='ocrx_word' id='word_1_95' title='bbox 324 1662 453 1718; x_wconf 83' lang='lat' dir='ltr'>CICERO</span> <span class='ocrx_word' id='word_1_96' title='bbox 473 1663 624 1718; x_wconf 82' lang='lat' dir='ltr'>THERMO</span> <span class='ocrx_word' id='word_1_97' title='bbox 643 1662 772 1719; x_wconf 83' lang='lat' dir='ltr'><strong>PROPR.</strong></span> <span class='ocrx_word' id='word_1_98' title='bbox 792 1661 867 1717; x_wconf 80' lang='lat' dir='ltr'>SAL.</span> 
     </span>
    </p>
   </div>
   <div class='ocr_carea' id='block_1_6' title="bbox 121 1751 1133 2982">
    <p class='ocr_par' dir='ltr' id='par_1_6' title="bbox 121 1751 1133 2982">
     <span class='ocr_line' id='line_1_16' title="bbox 188 1751 1110 1838; baseline 0 -20"><span class='ocrx_word' id='word_1_99' title='bbox 188 1751 261 1818; x_wconf 80' lang='lat' dir='ltr'><strong>Etsi</strong></span> <span class='ocrx_word' id='word_1_100' title='bbox 274 1754 354 1819; x_wconf 91' lang='lat' dir='ltr'><strong>mihi</strong></span> <span class='ocrx_word' id='word_1_101' title='bbox 366 1754 478 1819; x_wconf 87' lang='lat' dir='ltr'><strong>videor</strong></span> <span class='ocrx_word' id='word_1_102' title='bbox 493 1755 697 1838; x_wconf 73' lang='lat' dir='ltr'><strong>intellexisse,</strong></span> <span class='ocrx_word' id='word_1_103' title='bbox 716 1775 815 1838; x_wconf 91' lang='lat' dir='ltr'><strong>quum</strong></span> <span class='ocrx_word' id='word_1_104' title='bbox 832 1756 939 1818; x_wconf 87' lang='lat' dir='ltr'><strong>tecum</strong></span> <span class='ocrx_word' id='word_1_105' title='bbox 952 1751 1075 1837; x_wconf 81' lang='lat' dir='ltr'><strong>Ephesi</strong></span> <span class='ocrx_word' id='word_1_106' title='bbox 1094 1773 1110 1824; x_wconf 89' lang='lat'>1</span> 
     </span>
     <span class='ocr_line' id='line_1_17' title="bbox 122 1840 1075 1926; baseline 0.001 -22"><span class='ocrx_word' id='word_1_107' title='bbox 122 1840 162 1904; x_wconf 92' lang='lat' dir='ltr'><strong>de</strong></span> <span class='ocrx_word' id='word_1_108' title='bbox 184 1863 219 1905; x_wconf 90' lang='lat' dir='ltr'><strong>re</strong></span> <span class='ocrx_word' id='word_1_109' title='bbox 237 1840 281 1906; x_wconf 91' lang='lat' dir='ltr'><strong>M.</strong></span> <span class='ocrx_word' id='word_1_110' title='bbox 299 1841 429 1923; x_wconf 88' lang='lat' dir='ltr'><strong>Anneii,</strong></span> <span class='ocrx_word' id='word_1_111' title='bbox 450 1841 552 1926; x_wconf 89' lang='lat' dir='ltr'><strong>legati</strong></span> <span class='ocrx_word' id='word_1_112' title='bbox 572 1842 645 1924; x_wconf 90' lang='lat' dir='ltr'><strong>mei,</strong></span> <span class='ocrx_word' id='word_1_113' title='bbox 666 1843 793 1906; x_wconf 88' lang='lat' dir='ltr'><strong>loeutus</strong></span> <span class='ocrx_word' id='word_1_114' title='bbox 817 1863 897 1924; x_wconf 88' lang='lat' dir='ltr'><strong>sum,</strong></span> <span class='ocrx_word' id='word_1_115' title='bbox 919 1845 951 1904; x_wconf 89' lang='lat' dir='ltr'><strong>te</strong></span> <span class='ocrx_word' id='word_1_116' title='bbox 973 1841 1075 1925; x_wconf 86' lang='lat' dir='ltr'><strong>ipsius</strong></span> 
     </span>
     <span class='ocr_line' id='line_1_18' title="bbox 122 1926 1075 2012; baseline 0 -20"><span class='ocrx_word' id='word_1_117' title='bbox 122 1949 220 1993; x_wconf 91' lang='lat' dir='ltr'><strong>causa</strong></span> <span class='ocrx_word' id='word_1_118' title='bbox 246 1929 452 1994; x_wconf 83' lang='lat' dir='ltr'><strong>vehementer</strong></span> <span class='ocrx_word' id='word_1_119' title='bbox 479 1929 587 1992; x_wconf 90' lang='lat' dir='ltr'><strong>omnia</strong></span> <span class='ocrx_word' id='word_1_120' title='bbox 614 1930 708 2012; x_wconf 89' lang='lat' dir='ltr'><strong>velle,</strong></span> <span class='ocrx_word' id='word_1_121' title='bbox 734 1932 845 1992; x_wconf 89' lang='lat' dir='ltr'><strong>tamen</strong></span> <span class='ocrx_word' id='word_1_122' title='bbox 872 1931 905 1992; x_wconf 89' lang='lat' dir='ltr'><strong>et</strong></span> <span class='ocrx_word' id='word_1_123' title='bbox 935 1926 979 1992; x_wconf 88' lang='lat' dir='ltr'><strong>M.</strong></span> <span class='ocrx_word' id='word_1_124' title='bbox 1008 1929 1075 1992; x_wconf 81' lang='lat' dir='ltr'><strong>An·</strong></span> 
     </span>
     <span class='ocr_line' id='line_1_19' title="bbox 122 2016 1075 2100; baseline -0.001 -20"><span class='ocrx_word' id='word_1_125' title='bbox 122 2017 232 2080; x_wconf 88' lang='lat' dir='ltr'><strong>neium</strong></span> <span class='ocrx_word' id='word_1_126' title='bbox 254 2017 339 2082; x_wconf 86' lang='lat' dir='ltr'><strong>tanti</strong></span> <span class='ocrx_word' id='word_1_127' title='bbox 361 2016 455 2098; x_wconf 86' lang='lat' dir='ltr'><strong>facio,</strong></span> <span class='ocrx_word' id='word_1_128' title='bbox 477 2019 515 2080; x_wconf 93' lang='lat' dir='ltr'><strong>ut</strong></span> <span class='ocrx_word' id='word_1_129' title='bbox 536 2016 616 2080; x_wconf 91' lang='lat' dir='ltr'><strong>mihi</strong></span> <span class='ocrx_word' id='word_1_130' title='bbox 637 2017 720 2081; x_wconf 89' lang='lat' dir='ltr'><strong>nihil</strong></span> <span class='ocrx_word' id='word_1_131' title='bbox 741 2020 852 2100; x_wconf 89' lang='lat' dir='ltr'><strong>putem</strong></span> <span class='ocrx_word' id='word_1_132' title='bbox 874 2016 1075 2100; x_wconf 87' lang='lat' dir='ltr'><strong>praetermit-</strong></span> 
     </span>
     <span class='ocr_line' id='line_1_20' title="bbox 121 2103 1077 2189; baseline 0 -21"><span class='ocrx_word' id='word_1_133' title='bbox 121 2105 269 2189; x_wconf 91' lang='lat' dir='ltr'><strong>tendum,</strong></span> <span class='ocrx_word' id='word_1_134' title='bbox 297 2104 382 2187; x_wconf 90' lang='lat' dir='ltr'><strong>quod</strong></span> <span class='ocrx_word' id='word_1_135' title='bbox 405 2103 491 2168; x_wconf 88' lang='lat' dir='ltr'><strong>illius</strong></span> <span class='ocrx_word' id='word_1_136' title='bbox 513 2104 654 2187; x_wconf 88' lang='lat' dir='ltr'><strong>intersit,</strong></span> <span class='ocrx_word' id='word_1_137' title='bbox 676 2108 709 2168; x_wconf 95' lang='lat' dir='ltr'><strong>et</strong></span> <span class='ocrx_word' id='word_1_138' title='bbox 730 2125 781 2168; x_wconf 92' lang='lat' dir='ltr'><strong>me</strong></span> <span class='ocrx_word' id='word_1_139' title='bbox 805 2126 825 2168; x_wconf 91' lang='lat' dir='ltr'><strong>a</strong></span> <span class='ocrx_word' id='word_1_140' title='bbox 845 2106 878 2169; x_wconf 88' lang='lat' dir='ltr'><strong>te</strong></span> <span class='ocrx_word' id='word_1_141' title='bbox 901 2104 985 2167; x_wconf 91' lang='lat' dir='ltr'><strong>tanti</strong></span> <span class='ocrx_word' id='word_1_142' title='bbox 1007 2104 1077 2168; x_wconf 89' lang='lat' dir='ltr'><strong>fieri</strong></span> 
     </span>
     <span class='ocr_line' id='line_1_21' title="bbox 122 2192 1076 2276; baseline 0.001 -21"><span class='ocrx_word' id='word_1_143' title='bbox 122 2195 218 2276; x_wconf 89' lang='lat' dir='ltr'><strong>puto,</strong></span> <span class='ocrx_word' id='word_1_144' title='bbox 244 2195 282 2255; x_wconf 90' lang='lat' dir='ltr'><strong>ut</strong></span> <span class='ocrx_word' id='word_1_145' title='bbox 307 2213 375 2256; x_wconf 87' lang='lat' dir='ltr'><strong>non</strong></span> <span class='ocrx_word' id='word_1_146' title='bbox 402 2192 558 2276; x_wconf 89' lang='lat' dir='ltr'><strong>dubitem,</strong></span> <span class='ocrx_word' id='word_1_147' title='bbox 586 2193 665 2275; x_wconf 87' lang='lat' dir='ltr'><strong>quin</strong></span> <span class='ocrx_word' id='word_1_148' title='bbox 692 2193 850 2256; x_wconf 88' lang='lat' dir='ltr'><strong>adtuam</strong></span> <span class='ocrx_word' id='word_1_149' title='bbox 876 2192 1076 2256; x_wconf 87' lang='lat' dir='ltr'><strong>voluntatem</strong></span> 
     </span>
     <span class='ocr_line' id='line_1_22' title="bbox 123 2279 1077 2363; baseline 0.001 -21"><span class='ocrx_word' id='word_1_150' title='bbox 123 2299 263 2363; x_wconf 89' lang='lat' dir='ltr'><strong>magnus</strong></span> <span class='ocrx_word' id='word_1_151' title='bbox 299 2280 445 2344; x_wconf 89' lang='lat' dir='ltr'><strong>cumulus</strong></span> <span class='ocrx_word' id='word_1_152' title='bbox 481 2279 612 2343; x_wconf 88' lang='lat' dir='ltr'><strong>accedat</strong></span> <span class='ocrx_word' id='word_1_153' title='bbox 651 2279 938 2345; x_wconf 83' lang='lat' dir='ltr'><strong>commendationis</strong></span> <span class='ocrx_word' id='word_1_154' title='bbox 974 2302 1077 2363; x_wconf 83' lang='lat' dir='ltr'><strong>meae3</strong></span> 
     </span>
     <span class='ocr_line' id='line_1_23' title="bbox 122 2367 1077 2453; baseline 0 -21"><span class='ocrx_word' id='word_1_155' title='bbox 122 2388 213 2450; x_wconf 86' lang='lat' dir='ltr'><strong>nam,</strong></span> <span class='ocrx_word' id='word_1_156' title='bbox 240 2388 339 2450; x_wconf 91' lang='lat' dir='ltr'><strong>quum</strong></span> <span class='ocrx_word' id='word_1_157' title='bbox 361 2369 426 2432; x_wconf 86' lang='lat' dir='ltr'><strong>iam</strong></span> <span class='ocrx_word' id='word_1_158' title='bbox 449 2367 504 2432; x_wconf 91' lang='lat' dir='ltr'><strong>diu</strong></span> <span class='ocrx_word' id='word_1_159' title='bbox 529 2369 693 2453; x_wconf 85' lang='lat' dir='ltr'><strong>diligerem</strong></span> <span class='ocrx_word' id='word_1_160' title='bbox 715 2367 759 2432; x_wconf 89' lang='grc' dir='ltr'><strong>Μ.</strong></span> <span class='ocrx_word' id='word_1_161' title='bbox 781 2367 945 2432; x_wconf 90' lang='lat' dir='ltr'><strong>Anneium</strong></span> <span class='ocrx_word' id='word_1_162' title='bbox 975 2368 1077 2452; x_wconf 92' lang='lat' dir='ltr'><strong>deque</strong></span> 
     </span>
     <span class='ocr_line' id='line_1_24' title="bbox 123 2454 1133 2540; baseline 0 -20"><span class='ocrx_word' id='word_1_163' title='bbox 123 2454 237 2520; x_wconf 92' lang='lat' dir='ltr'><strong>eosic</strong></span> <span class='ocrx_word' id='word_1_164' title='bbox 265 2456 493 2540; x_wconf 88' lang='lat' dir='ltr'><strong>existimarem,</strong></span> <span class='ocrx_word' id='word_1_165' title='bbox 523 2460 561 2520; x_wconf 93' lang='lat' dir='ltr'><strong>ut</strong></span> <span class='ocrx_word' id='word_1_166' title='bbox 591 2479 643 2521; x_wconf 91' lang='lat' dir='ltr'><strong>res</strong></span> <span class='ocrx_word' id='word_1_167' title='bbox 671 2456 826 2539; x_wconf 88' lang='lat' dir='ltr'><strong>declarat,</strong></span> <span class='ocrx_word' id='word_1_168' title='bbox 853 2457 907 2539; x_wconf 92' lang='lat' dir='ltr'><strong>qui</strong></span> <span class='ocrx_word' id='word_1_169' title='bbox 933 2457 1019 2520; x_wconf 91' lang='lat' dir='ltr'><strong>ultro</strong></span> <span class='ocrx_word' id='word_1_170' title='bbox 1047 2456 1077 2522; x_wconf 91' lang='lat' dir='ltr'><strong>ci</strong></span> <span class='ocrx_word' id='word_1_171' title='bbox 1129 2507 1133 2512; x_wconf 90' lang='lat'>.</span> 
     </span>
     <span class='ocr_line' id='line_1_25' title="bbox 124 2543 1076 2630; baseline 0.001 -23"><span class='ocrx_word' id='word_1_172' title='bbox 124 2543 292 2609; x_wconf 83' lang='lat' dir='ltr'><strong>detulerim</strong></span> <span class='ocrx_word' id='word_1_173' title='bbox 318 2544 528 2630; x_wconf 85' lang='lat' dir='ltr'><strong>legationem,</strong></span> <span class='ocrx_word' id='word_1_174' title='bbox 556 2567 654 2629; x_wconf 89' lang='lat' dir='ltr'><strong>quum</strong></span> <span class='ocrx_word' id='word_1_175' title='bbox 680 2545 790 2610; x_wconf 89' lang='lat' dir='ltr'><strong>multis</strong></span> <span class='ocrx_word' id='word_1_176' title='bbox 817 2543 1001 2629; x_wconf 87' lang='lat' dir='ltr'><strong>petentibus</strong></span> <span class='ocrx_word' id='word_1_177' title='bbox 1024 2544 1076 2608; x_wconf 92' lang='lat' dir='ltr'><strong>de·</strong></span> 
     </span>
     <span class='ocr_line' id='line_1_26' title="bbox 124 2633 1077 2718; baseline 0.004 -23"><span class='ocrx_word' id='word_1_178' title='bbox 124 2651 306 2717; x_wconf 85' lang='lat' dir='ltr'><strong>negassem,</strong></span> <span class='ocrx_word' id='word_1_179' title='bbox 332 2636 402 2697; x_wconf 92' lang='lat' dir='ltr'><strong>tum</strong></span> <span class='ocrx_word' id='word_1_180' title='bbox 429 2655 519 2717; x_wconf 81' lang='lat' dir='ltr'><strong>vero,</strong></span> <span class='ocrx_word' id='word_1_181' title='bbox 544 2637 756 2718; x_wconf 88' lang='lat' dir='ltr'><strong>posteaquam</strong></span> <span class='ocrx_word' id='word_1_182' title='bbox 782 2654 909 2698; x_wconf 88' lang='lat' dir='ltr'><strong>mecum</strong></span> <span class='ocrx_word' id='word_1_183' title='bbox 934 2634 969 2696; x_wconf 91' lang='lat' dir='ltr'><strong>in</strong></span> <span class='ocrx_word' id='word_1_184' title='bbox 991 2633 1077 2699; x_wconf 89' lang='lat' dir='ltr'><strong>bello</strong></span> 
     </span>
     <span class='ocr_line' id='line_1_27' title="bbox 125 2721 1077 2807; baseline 0.002 -24"><span class='ocrx_word' id='word_1_185' title='bbox 125 2722 222 2802; x_wconf 89' lang='lat' dir='ltr'><strong>atque</strong></span> <span class='ocrx_word' id='word_1_186' title='bbox 248 2722 343 2784; x_wconf 88' lang='lat' dir='ltr'><strong>inre</strong></span> <span class='ocrx_word' id='word_1_187' title='bbox 371 2721 503 2785; x_wconf 90' lang='lat' dir='ltr'><strong>militari</strong></span> <span class='ocrx_word' id='word_1_188' title='bbox 529 2721 605 2806; x_wconf 88' lang='lat' dir='ltr'><strong>fuit,</strong></span> <span class='ocrx_word' id='word_1_189' title='bbox 635 2725 762 2786; x_wconf 88' lang='lat' dir='ltr'><strong>tantam</strong></span> <span class='ocrx_word' id='word_1_190' title='bbox 788 2721 824 2785; x_wconf 90' lang='lat' dir='ltr'><strong>in</strong></span> <span class='ocrx_word' id='word_1_191' title='bbox 851 2742 889 2786; x_wconf 94' lang='lat' dir='ltr'><strong>eo</strong></span> <span class='ocrx_word' id='word_1_192' title='bbox 916 2721 1077 2807; x_wconf 84' lang='lat' dir='ltr'><strong>virtutem,</strong></span> 
     </span>
     <span class='ocr_line' id='line_1_28' title="bbox 124 2807 1114 2894; baseline 0.001 -23"><span class='ocrx_word' id='word_1_193' title='bbox 124 2807 341 2893; x_wconf 87' lang='lat' dir='ltr'><strong>prudentiam,</strong></span> <span class='ocrx_word' id='word_1_194' title='bbox 369 2810 466 2874; x_wconf 89' lang='lat' dir='ltr'><strong>fidem</strong></span> <span class='ocrx_word' id='word_1_195' title='bbox 491 2812 680 2894; x_wconf 88' lang='lat' dir='ltr'><strong>tantamque</strong></span> <span class='ocrx_word' id='word_1_196' title='bbox 708 2830 785 2894; x_wconf 89' lang='lat' dir='ltr'><strong>erga</strong></span> <span class='ocrx_word' id='word_1_197' title='bbox 812 2831 863 2872; x_wconf 91' lang='lat' dir='ltr'><strong>me</strong></span> <span class='ocrx_word' id='word_1_198' title='bbox 885 2809 1077 2874; x_wconf 82' lang='lat' dir='ltr'><strong>benerolen-</strong></span> <span class='ocrx_word' id='word_1_199' title='bbox 1111 2841 1114 2848; x_wconf 91' lang='lat'>·</span> 
     </span>
     <span class='ocr_line' id='line_1_29' title="bbox 124 2896 1077 2982; baseline 0.003 -24"><span class='ocrx_word' id='word_1_200' title='bbox 124 2896 203 2960; x_wconf 90' lang='lat' dir='ltr'><strong>tiam</strong></span> <span class='ocrx_word' id='word_1_201' title='bbox 226 2897 376 2982; x_wconf 84' lang='lat' dir='ltr'><strong>cognovi,</strong></span> <span class='ocrx_word' id='word_1_202' title='bbox 398 2902 436 2962; x_wconf 92' lang='lat' dir='ltr'><strong>ut</strong></span> <span class='ocrx_word' id='word_1_203' title='bbox 457 2897 622 2962; x_wconf 91' lang='lat' dir='ltr'><strong>hominem</strong></span> <span class='ocrx_word' id='word_1_204' title='bbox 643 2899 805 2961; x_wconf 88' lang='lat' dir='ltr'><strong>neminem</strong></span> <span class='ocrx_word' id='word_1_205' title='bbox 827 2897 929 2980; x_wconf 88' lang='lat' dir='ltr'><strong>pluris</strong></span> <span class='ocrx_word' id='word_1_206' title='bbox 951 2897 1077 2962; x_wconf 87' lang='lat' dir='ltr'><strong>faciam.</strong></span> 
     </span>
    </p>
   </div>
   <div class='ocr_carea' id='block_1_7' title="bbox 17 2982 1077 3061">
    <p class='ocr_par' dir='ltr' id='par_1_7' title="bbox 17 2982 1077 3061">
     <span class='ocr_line' id='line_1_30' title="bbox 17 2982 1077 3061; baseline 0.002 -13"><span class='ocrx_word' id='word_1_207' title='bbox 17 3041 32 3061; x_wconf 69' lang='grc'><em>,</em></span> <span class='ocrx_word' id='word_1_208' title='bbox 123 2982 208 3048; x_wconf 80' lang='lat' dir='ltr'><strong>Eum</strong></span> <span class='ocrx_word' id='word_1_209' title='bbox 231 3006 304 3049; x_wconf 90' lang='lat' dir='ltr'><strong>cum</strong></span> <span class='ocrx_word' id='word_1_210' title='bbox 319 2984 482 3050; x_wconf 81' lang='lat' dir='ltr'><strong>Sardianis</strong></span> <span class='ocrx_word' id='word_1_211' title='bbox 500 2984 619 3050; x_wconf 89' lang='lat' dir='ltr'><strong>habere</strong></span> <span class='ocrx_word' id='word_1_212' title='bbox 638 2985 889 3050; x_wconf 79' lang='lat' dir='ltr'><strong>controversiam</strong></span> <span class='ocrx_word' id='word_1_213' title='bbox 907 2986 980 3050; x_wconf 86' lang='lat' dir='ltr'><strong>sois:</strong></span> <span class='ocrx_word' id='word_1_214' title='bbox 1004 3006 1077 3050; x_wconf 88' lang='lat' dir='ltr'><strong>cau·</strong></span> 
     </span>
    </p>
   </div>
   <div class='ocr_carea' id='block_1_8' title="bbox 122 3071 1111 3423">
    <p class='ocr_par' dir='ltr' id='par_1_8' title="bbox 122 3071 1111 3423">
     <span class='ocr_line' id='line_1_31' title="bbox 124 3071 1078 3159; baseline 0.001 -24"><span class='ocrx_word' id='word_1_215' title='bbox 124 3093 193 3136; x_wconf 90' lang='lat' dir='ltr'><strong>sam</strong></span> <span class='ocrx_word' id='word_1_216' title='bbox 214 3071 275 3137; x_wconf 92' lang='lat' dir='ltr'><strong>tibi</strong></span> <span class='ocrx_word' id='word_1_217' title='bbox 293 3075 498 3158; x_wconf 86' lang='lat' dir='ltr'><strong>exposuimus</strong></span> <span class='ocrx_word' id='word_1_218' title='bbox 512 3073 644 3159; x_wconf 84' lang='lat' dir='ltr'><strong>Ephesi,</strong></span> <span class='ocrx_word' id='word_1_219' title='bbox 666 3094 763 3157; x_wconf 92' lang='lat' dir='ltr'><strong>quam</strong></span> <span class='ocrx_word' id='word_1_220' title='bbox 784 3076 821 3139; x_wconf 93' lang='lat' dir='ltr'><strong>tu</strong></span> <span class='ocrx_word' id='word_1_221' title='bbox 841 3078 951 3138; x_wconf 89' lang='lat' dir='ltr'><strong>tamen</strong></span> <span class='ocrx_word' id='word_1_222' title='bbox 969 3093 1078 3137; x_wconf 87' lang='lat' dir='ltr'><strong>coram</strong></span> 
     </span>
     <span class='ocr_line' id='line_1_32' title="bbox 123 3159 1111 3247; baseline 0.006 -24"><span class='ocrx_word' id='word_1_223' title='bbox 123 3159 250 3226; x_wconf 84' lang='lat' dir='ltr'><strong>facilius</strong></span> <span class='ocrx_word' id='word_1_224' title='bbox 272 3162 449 3246; x_wconf 91' lang='lat' dir='ltr'><strong>meliusque</strong></span> <span class='ocrx_word' id='word_1_225' title='bbox 472 3183 656 3247; x_wconf 88' lang='lat' dir='ltr'><strong>cognosces.</strong></span> <span class='ocrx_word' id='word_1_226' title='bbox 692 3161 741 3226; x_wconf 92' lang='lat' dir='ltr'><strong>De</strong></span> <span class='ocrx_word' id='word_1_227' title='bbox 763 3161 887 3246; x_wconf 90' lang='lat' dir='ltr'><strong>reliquo</strong></span> <span class='ocrx_word' id='word_1_228' title='bbox 909 3161 989 3224; x_wconf 92' lang='lat' dir='ltr'><strong>mihi</strong></span> <span class='ocrx_word' id='word_1_229' title='bbox 1011 3181 1111 3230; x_wconf 76' lang='lat' dir='ltr'><strong>mea</strong></span> 
     </span>
     <span class='ocr_line' id='line_1_33' title="bbox 122 3247 1077 3335; baseline 0 -23"><span class='ocrx_word' id='word_1_230' title='bbox 122 3247 257 3313; x_wconf 86' lang='lat' dir='ltr'><strong>hercule</strong></span> <span class='ocrx_word' id='word_1_231' title='bbox 283 3249 338 3314; x_wconf 91' lang='lat' dir='ltr'><strong>diu</strong></span> <span class='ocrx_word' id='word_1_232' title='bbox 371 3249 503 3315; x_wconf 91' lang='lat' dir='ltr'><strong>dubium</strong></span> <span class='ocrx_word' id='word_1_233' title='bbox 528 3251 604 3335; x_wconf 86' lang='lat' dir='ltr'><strong>fuit,</strong></span> <span class='ocrx_word' id='word_1_234' title='bbox 636 3249 713 3335; x_wconf 92' lang='lat' dir='ltr'><strong>quid</strong></span> <span class='ocrx_word' id='word_1_235' title='bbox 743 3249 783 3314; x_wconf 91' lang='lat' dir='ltr'><strong>ad</strong></span> <span class='ocrx_word' id='word_1_236' title='bbox 809 3253 843 3314; x_wconf 90' lang='lat' dir='ltr'><strong>te</strong></span> <span class='ocrx_word' id='word_1_237' title='bbox 874 3249 1077 3333; x_wconf 85' lang='lat' dir='ltr'><strong>potissimum</strong></span> 
     </span>
     <span class='ocr_line' id='line_1_34' title="bbox 124 3337 1077 3423; baseline 0 -23"><span class='ocrx_word' id='word_1_238' title='bbox 124 3337 315 3421; x_wconf 70' lang='lat' dir='ltr'><strong>scriberem,</strong></span> <span class='ocrx_word' id='word_1_239' title='bbox 338 3338 388 3402; x_wconf 87' lang='lat' dir='ltr'><strong>ius</strong></span> <span class='ocrx_word' id='word_1_240' title='bbox 416 3339 502 3402; x_wconf 90' lang='lat' dir='ltr'><strong>enim</strong></span> <span class='ocrx_word' id='word_1_241' title='bbox 529 3339 798 3423; x_wconf 88' lang='lat' dir='ltr'><strong>quemadmodum</strong></span> <span class='ocrx_word' id='word_1_242' title='bbox 826 3337 926 3421; x_wconf 89' lang='lat' dir='ltr'><strong>dicas,</strong></span> <span class='ocrx_word' id='word_1_243' title='bbox 955 3337 1077 3402; x_wconf 88' lang='lat' dir='ltr'><strong>clarum</strong></span> 
     </span>
    </p>
   </div>
   <div class='ocr_carea' id='block_1_9' title="bbox 124 3492 1077 3631">
    <p class='ocr_par' dir='ltr' id='par_1_9' title="bbox 124 3492 1077 3631">
     <span class='ocr_line' id='line_1_35' title="bbox 193 3492 1077 3564; baseline 0.005 -18"><span class='ocrx_word' id='word_1_244' title='bbox 193 3492 245 3564; x_wconf 85' lang='lat' dir='ltr'><strong>Ep.</strong></span> <span class='ocrx_word' id='word_1_245' title='bbox 265 3499 348 3562; x_wconf 64' lang='lat' dir='ltr'><strong>tm.</strong></span> <span class='ocrx_word' id='word_1_246' title='bbox 383 3493 540 3560; x_wconf 65' lang='lat' dir='ltr'><strong>scriberem</strong></span> <span class='ocrx_word' id='word_1_247' title='bbox 561 3495 650 3548; x_wconf 79' lang='lat' dir='ltr'><strong>ius..</strong></span> <span class='ocrx_word' id='word_1_248' title='bbox 662 3499 738 3560; x_wconf 81' lang='lat' dir='ltr'><strong>.,eet</strong></span> <span class='ocrx_word' id='word_1_249' title='bbox 755 3494 877 3549; x_wconf 79' lang='lat' dir='ltr'><strong>uobis..</strong></span> <span class='ocrx_word' id='word_1_250' title='bbox 888 3493 1014 3561; x_wconf 78' lang='lat' dir='ltr'><strong>.da’ccrc;</strong></span> <span class='ocrx_word' id='word_1_251' title='bbox 1030 3493 1077 3550; x_wconf 75' lang='lat' dir='ltr'><strong>aad</strong></span> 
     </span>
     <span class='ocr_line' id='line_1_36' title="bbox 124 3561 802 3631; baseline 0 -13"><span class='ocrx_word' id='word_1_252' title='bbox 124 3561 199 3631; x_wconf 45' lang='lat' dir='ltr'>(Wu)</span> <span class='ocrx_word' id='word_1_253' title='bbox 234 3579 271 3618; x_wconf 89' lang='grc'><strong><em>8..·</em></strong></span> <span class='ocrx_word' id='word_1_254' title='bbox 288 3565 376 3620; x_wconf 77' lang='lat' dir='ltr'><strong>ius..</strong></span> <span class='ocrx_word' id='word_1_255' title='bbox 387 3569 467 3631; x_wconf 82' lang='lat' dir='ltr'><strong>.;eet</strong></span> <span class='ocrx_word' id='word_1_256' title='bbox 483 3581 538 3620; x_wconf 77' lang='lat' dir='ltr'><strong>a.</strong></span> <span class='ocrx_word' id='word_1_257' title='bbox 550 3565 671 3620; x_wconf 60' lang='lat' dir='ltr'><strong>uicere.</strong></span> <span class='ocrx_word' id='word_1_258' title='bbox 698 3563 802 3620; x_wconf 82' lang='lat' dir='ltr'><strong>SedB.</strong></span> 
     </span>
    </p>
   </div>
   <div class='ocr_carea' id='block_1_10' title="bbox 0 0 1338 3986">
    <p class='ocr_par' dir='ltr' id='par_1_10' title="bbox 0 0 1338 3986">
     <span class='ocr_line' id='line_1_37' title="bbox 0 0 1338 3986; baseline 0 0"><span class='ocrx_word' id='word_1_259' title='bbox 0 0 1338 3986; x_wconf 95' lang='lat' dir='ltr'><strong> </strong></span> 
     </span>
    </p>
   </div>
  </div>
 </body>
</html>
