<?xml version="1.0" encoding="UTF-8"?>
<!DOCTYPE html PUBLIC "-//W3C//DTD XHTML 1.0 Transitional//EN"
    "http://www.w3.org/TR/xhtml1/DTD/xhtml1-transitional.dtd">
<html xmlns="http://www.w3.org/1999/xhtml" xml:lang="en" lang="en">
 <head>
  <title>
</title>
<meta http-equiv="Content-Type" content="text/html;charset=utf-8" />
  <meta name='ocr-system' content='tesseract 3.04.00' />
  <meta name='ocr-capabilities' content='ocr_page ocr_carea ocr_par ocr_line ocrx_word'/>
</head>
<body>
  <div class='ocr_page' id='page_1' title='image "./epistolae00wesegoog_0479.png"; bbox 0 0 2636 3986; ppageno 0'>
   <div class='ocr_carea' id='block_1_1' title="bbox 371 241 1088 306">
    <p class='ocr_par' dir='ltr' id='par_1_1' title="bbox 371 241 1088 306">
     <span class='ocr_line' id='line_1_1' title="bbox 371 241 1088 306; baseline 0.008 -8"><span class='ocrx_word' id='word_1_1' title='bbox 371 241 631 298; x_wconf 77' lang='lat' dir='ltr'><strong>EPISTOLARUM</strong></span> <span class='ocrx_word' id='word_1_2' title='bbox 648 243 722 298; x_wconf 87' lang='lat' dir='ltr'><strong>XIII.</strong></span> <span class='ocrx_word' id='word_1_3' title='bbox 742 249 855 298; x_wconf 80' lang='grc'>61-64,</span> <span class='ocrx_word' id='word_1_4' title='bbox 1024 241 1088 306; x_wconf 80' lang='grc'>467</span> 
     </span>
    </p>
   </div>
   <div class='ocr_carea' id='block_1_2' title="bbox 137 385 1128 1867">
    <p class='ocr_par' dir='ltr' id='par_1_2' title="bbox 137 385 1128 1867">
     <span class='ocr_line' id='line_1_2' title="bbox 137 385 1094 472; baseline -0.002 -20"><span class='ocrx_word' id='word_1_5' title='bbox 137 386 328 452; x_wconf 79' lang='lat' dir='ltr'><strong>Incredibile</strong></span> <span class='ocrx_word' id='word_1_6' title='bbox 360 390 423 470; x_wconf 90' lang='lat' dir='ltr'>est,</span> <span class='ocrx_word' id='word_1_7' title='bbox 454 385 568 472; x_wconf 88' lang='lat' dir='ltr'>quanti</span> <span class='ocrx_word' id='word_1_8' title='bbox 598 387 766 464; x_wconf 76' lang='lat' dir='ltr'>iaciamus¹</span> <span class='ocrx_word' id='word_1_9' title='bbox 784 390 817 451; x_wconf 93' lang='lat' dir='ltr'>et</span> <span class='ocrx_word' id='word_1_10' title='bbox 843 406 903 471; x_wconf 85' lang='lat' dir='ltr'>ego</span> <span class='ocrx_word' id='word_1_11' title='bbox 931 389 964 451; x_wconf 82' lang='lat' dir='ltr'>et</span> <span class='ocrx_word' id='word_1_12' title='bbox 994 387 1094 451; x_wconf 86' lang='lat' dir='ltr'>frater</span> 
     </span>
     <span class='ocr_line' id='line_1_3' title="bbox 137 473 1093 560; baseline -0.002 -20"><span class='ocrx_word' id='word_1_13' title='bbox 137 497 242 560; x_wconf 90' lang='lat' dir='ltr'>meus,</span> <span class='ocrx_word' id='word_1_14' title='bbox 265 475 321 560; x_wconf 91' lang='lat' dir='ltr'>qui</span> <span class='ocrx_word' id='word_1_15' title='bbox 343 475 423 539; x_wconf 92' lang='lat' dir='ltr'>mihi</span> <span class='ocrx_word' id='word_1_16' title='bbox 446 475 630 540; x_wconf 86' lang='lat' dir='ltr'>carissimus</span> <span class='ocrx_word' id='word_1_17' title='bbox 653 479 714 559; x_wconf 87' lang='lat' dir='ltr'>est,</span> <span class='ocrx_word' id='word_1_18' title='bbox 737 473 780 540; x_wconf 92' lang='lat' dir='ltr'>M.</span> <span class='ocrx_word' id='word_1_19' title='bbox 804 473 973 539; x_wconf 82' lang='lat' dir='ltr'><strong>Laenium:</strong></span> <span class='ocrx_word' id='word_1_20' title='bbox 1000 474 1034 538; x_wconf 89' lang='lat' dir='ltr'>id</span> <span class='ocrx_word' id='word_1_21' title='bbox 1056 475 1093 538; x_wconf 88' lang='lat' dir='ltr'>fit</span> 
     </span>
     <span class='ocr_line' id='line_1_4' title="bbox 138 563 1092 650; baseline -0.004 -21"><span class='ocrx_word' id='word_1_22' title='bbox 138 563 406 650; x_wconf 78' lang='lat' dir='ltr'>quamplurimis</span> <span class='ocrx_word' id='word_1_23' title='bbox 433 563 501 628; x_wconf 88' lang='lat' dir='ltr'>eius</span> <span class='ocrx_word' id='word_1_24' title='bbox 529 563 656 648; x_wconf 87' lang='lat' dir='ltr'>officiis,</span> <span class='ocrx_word' id='word_1_25' title='bbox 688 567 758 628; x_wconf 88' lang='lat' dir='ltr'>tum</span> <span class='ocrx_word' id='word_1_26' title='bbox 786 585 911 628; x_wconf 91' lang='lat' dir='ltr'>summa</span> <span class='ocrx_word' id='word_1_27' title='bbox 932 563 1092 647; x_wconf 73' lang='lat' dir='ltr'><strong>probitate</strong></span> 
     </span>
     <span class='ocr_line' id='line_1_5' title="bbox 138 651 1092 738; baseline -0.002 -21"><span class='ocrx_word' id='word_1_28' title='bbox 138 656 172 717; x_wconf 88' lang='lat' dir='ltr'>et</span> <span class='ocrx_word' id='word_1_29' title='bbox 193 653 350 738; x_wconf 77' lang='lat' dir='ltr'>singulari</span> <span class='ocrx_word' id='word_1_30' title='bbox 372 651 538 717; x_wconf 86' lang='lat' dir='ltr'>modestia.</span> <span class='ocrx_word' id='word_1_31' title='bbox 573 651 658 716; x_wconf 82' lang='lat' dir='ltr'>Eum</span> <span class='ocrx_word' id='word_1_32' title='bbox 681 673 741 737; x_wconf 87' lang='lat' dir='ltr'>ego</span> <span class='ocrx_word' id='word_1_33' title='bbox 765 674 785 716; x_wconf 88' lang='lat' dir='ltr'>a</span> <span class='ocrx_word' id='word_1_34' title='bbox 806 673 858 716; x_wconf 93' lang='lat' dir='ltr'>me</span> <span class='ocrx_word' id='word_1_35' title='bbox 879 652 1092 716; x_wconf 85' lang='lat' dir='ltr'>invitissimus</span> 
     </span>
     <span class='ocr_line' id='line_1_6' title="bbox 139 739 1092 824; baseline -0.003 -19"><span class='ocrx_word' id='word_1_36' title='bbox 139 741 247 805; x_wconf 82' lang='lat' dir='ltr'><strong>dimisi</strong></span> <span class='ocrx_word' id='word_1_37' title='bbox 265 761 364 824; x_wconf 92' lang='lat' dir='ltr'>quum</span> <span class='ocrx_word' id='word_1_38' title='bbox 382 743 514 824; x_wconf 89' lang='lat' dir='ltr'>propter</span> <span class='ocrx_word' id='word_1_39' title='bbox 531 739 784 804; x_wconf 79' lang='lat' dir='ltr'>familiaritatem</span> <span class='ocrx_word' id='word_1_40' title='bbox 802 744 836 804; x_wconf 93' lang='lat' dir='ltr'>et</span> <span class='ocrx_word' id='word_1_41' title='bbox 853 739 1092 805; x_wconf 68' lang='lat' dir='ltr'>consuetudinis</span> 
     </span>
     <span class='ocr_line' id='line_1_7' title="bbox 140 827 1092 913; baseline -0.003 -19"><span class='ocrx_word' id='word_1_42' title='bbox 140 829 343 913; x_wconf 83' lang='lat' dir='ltr'>suavitatem,</span> <span class='ocrx_word' id='word_1_43' title='bbox 365 831 436 893; x_wconf 90' lang='lat' dir='ltr'>tum</span> <span class='ocrx_word' id='word_1_44' title='bbox 465 827 551 913; x_wconf 91' lang='lat' dir='ltr'>quod</span> <span class='ocrx_word' id='word_1_45' title='bbox 577 829 711 893; x_wconf 86' lang='lat' dir='ltr'>consilio</span> <span class='ocrx_word' id='word_1_46' title='bbox 741 829 808 892; x_wconf 87' lang='lat' dir='ltr'>eius</span> <span class='ocrx_word' id='word_1_47' title='bbox 834 829 921 892; x_wconf 90' lang='lat' dir='ltr'>fideli</span> <span class='ocrx_word' id='word_1_48' title='bbox 947 851 984 894; x_wconf 91' lang='lat' dir='ltr'>ac</span> <span class='ocrx_word' id='word_1_49' title='bbox 1007 829 1092 893; x_wconf 91' lang='lat' dir='ltr'>bono</span> 
     </span>
     <span class='ocr_line' id='line_1_8' title="bbox 138 912 1128 1001; baseline -0.002 -20"><span class='ocrx_word' id='word_1_50' title='bbox 138 917 276 982; x_wconf 84' lang='lat' dir='ltr'>libenter</span> <span class='ocrx_word' id='word_1_51' title='bbox 296 917 419 982; x_wconf 87' lang='lat' dir='ltr'>utebar.</span> <span class='ocrx_word' id='word_1_52' title='bbox 456 914 519 982; x_wconf 87' lang='lat' dir='ltr'>Sed</span> <span class='ocrx_word' id='word_1_53' title='bbox 540 937 660 1000; x_wconf 86' lang='lat' dir='ltr'>vereor,</span> <span class='ocrx_word' id='word_1_54' title='bbox 681 938 723 981; x_wconf 90' lang='lat' dir='ltr'>ne</span> <span class='ocrx_word' id='word_1_55' title='bbox 745 917 812 982; x_wconf 92' lang='lat' dir='ltr'>iam</span> <span class='ocrx_word' id='word_1_56' title='bbox 830 912 994 1001; x_wconf 71' lang='lat' dir='ltr'>superesse</span> <span class='ocrx_word' id='word_1_57' title='bbox 1012 916 1092 980; x_wconf 89' lang='lat' dir='ltr'>mihi</span> <span class='ocrx_word' id='word_1_58' title='bbox 1111 923 1128 971; x_wconf 71' lang='lat'><em>2</em></span> 
     </span>
     <span class='ocr_line' id='line_1_9' title="bbox 137 1004 1093 1090; baseline -0.003 -20"><span class='ocrx_word' id='word_1_59' title='bbox 137 1005 237 1071; x_wconf 83' lang='lat' dir='ltr'>verba</span> <span class='ocrx_word' id='word_1_60' title='bbox 253 1009 356 1089; x_wconf 90' lang='lat' dir='ltr'>putes,</span> <span class='ocrx_word' id='word_1_61' title='bbox 379 1026 462 1090; x_wconf 89' lang='lat' dir='ltr'>quae</span> <span class='ocrx_word' id='word_1_62' title='bbox 483 1004 804 1070; x_wconf 81' lang='lat' dir='ltr'>dixeram-defutura:</span> <span class='ocrx_word' id='word_1_63' title='bbox 828 1005 1015 1071; x_wconf 89' lang='lat' dir='ltr'>commendo</span> <span class='ocrx_word' id='word_1_64' title='bbox 1031 1005 1093 1068; x_wconf 91' lang='lat' dir='ltr'>tibi</span> 
     </span>
     <span class='ocr_line' id='line_1_10' title="bbox 137 1093 1094 1178; baseline -0.004 -19"><span class='ocrx_word' id='word_1_65' title='bbox 137 1094 303 1159; x_wconf 87' lang='lat' dir='ltr'>hominem</span> <span class='ocrx_word' id='word_1_66' title='bbox 321 1094 376 1178; x_wconf 88' lang='lat' dir='ltr'>sic,</span> <span class='ocrx_word' id='word_1_67' title='bbox 397 1097 435 1158; x_wconf 92' lang='lat' dir='ltr'>ut</span> <span class='ocrx_word' id='word_1_68' title='bbox 451 1093 606 1178; x_wconf 82' lang='lat' dir='ltr'>intelligis</span> <span class='ocrx_word' id='word_1_69' title='bbox 625 1114 676 1157; x_wconf 90' lang='lat' dir='ltr'>me</span> <span class='ocrx_word' id='word_1_70' title='bbox 698 1113 777 1173; x_wconf 75' lang='lat' dir='ltr'>acm,</span> <span class='ocrx_word' id='word_1_71' title='bbox 799 1095 835 1158; x_wconf 84' lang='lat' dir='ltr'>de</span> <span class='ocrx_word' id='word_1_72' title='bbox 857 1115 920 1178; x_wconf 86' lang='lat' dir='ltr'>quo</span> <span class='ocrx_word' id='word_1_73' title='bbox 939 1114 977 1158; x_wconf 88' lang='lat' dir='ltr'>ea</span> <span class='ocrx_word' id='word_1_74' title='bbox 996 1113 1094 1176; x_wconf 89' lang='lat' dir='ltr'>supra</span> 
     </span>
     <span class='ocr_line' id='line_1_11' title="bbox 140 1181 1094 1267; baseline -0.003 -20"><span class='ocrx_word' id='word_1_75' title='bbox 140 1183 330 1267; x_wconf 82' lang='lat' dir='ltr'>scripserim,</span> <span class='ocrx_word' id='word_1_76' title='bbox 353 1183 467 1246; x_wconf 90' lang='lat' dir='ltr'>debere</span> <span class='ocrx_word' id='word_1_77' title='bbox 486 1181 719 1261; x_wconf 86' lang='lat' dir='ltr'>commendare,</span> <span class='ocrx_word' id='word_1_78' title='bbox 742 1205 762 1247; x_wconf 90' lang='lat' dir='ltr'>a</span> <span class='ocrx_word' id='word_1_79' title='bbox 778 1186 873 1266; x_wconf 90' lang='lat' dir='ltr'>teque</span> <span class='ocrx_word' id='word_1_80' title='bbox 890 1181 1094 1246; x_wconf 84' lang='lat' dir='ltr'>vehementer</span> 
     </span>
     <span class='ocr_line' id='line_1_12' title="bbox 139 1270 1093 1356; baseline -0.002 -20"><span class='ocrx_word' id='word_1_81' title='bbox 139 1271 237 1336; x_wconf 91' lang='lat' dir='ltr'>etiam</span> <span class='ocrx_word' id='word_1_82' title='bbox 260 1274 356 1356; x_wconf 85' lang='lat' dir='ltr'>atque</span> <span class='ocrx_word' id='word_1_83' title='bbox 379 1271 477 1336; x_wconf 89' lang='lat' dir='ltr'>etiam</span> <span class='ocrx_word' id='word_1_84' title='bbox 498 1274 584 1354; x_wconf 89' lang='lat' dir='ltr'>peto,</span> <span class='ocrx_word' id='word_1_85' title='bbox 606 1273 651 1354; x_wconf 87' lang='lat' dir='ltr'>ut,</span> <span class='ocrx_word' id='word_1_86' title='bbox 675 1270 760 1355; x_wconf 91' lang='lat' dir='ltr'>qnod</span> <span class='ocrx_word' id='word_1_87' title='bbox 777 1270 877 1334; x_wconf 92' lang='lat' dir='ltr'>habet</span> <span class='ocrx_word' id='word_1_88' title='bbox 893 1270 928 1334; x_wconf 90' lang='lat' dir='ltr'>in</span> <span class='ocrx_word' id='word_1_89' title='bbox 944 1274 1002 1334; x_wconf 90' lang='lat' dir='ltr'>tua</span> <span class='ocrx_word' id='word_1_90' title='bbox 1020 1291 1093 1354; x_wconf 91' lang='lat' dir='ltr'>pro·</span> 
     </span>
     <span class='ocr_line' id='line_1_13' title="bbox 139 1358 1094 1445; baseline -0.004 -20"><span class='ocrx_word' id='word_1_91' title='bbox 139 1359 245 1425; x_wconf 86' lang='lat' dir='ltr'>vincia</span> <span class='ocrx_word' id='word_1_92' title='bbox 265 1359 398 1445; x_wconf 81' lang='lat' dir='ltr'>negotii,</span> <span class='ocrx_word' id='word_1_93' title='bbox 421 1358 579 1443; x_wconf 85' lang='lat' dir='ltr'>expedias,</span> <span class='ocrx_word' id='word_1_94' title='bbox 602 1359 687 1442; x_wconf 92' lang='lat' dir='ltr'>qnod</span> <span class='ocrx_word' id='word_1_95' title='bbox 708 1359 769 1423; x_wconf 91' lang='lat' dir='ltr'>tibi</span> <span class='ocrx_word' id='word_1_96' title='bbox 791 1358 951 1423; x_wconf 85' lang='lat' dir='ltr'>videbitur</span> <span class='ocrx_word' id='word_1_97' title='bbox 972 1361 1094 1423; x_wconf 85' lang='lat' dir='ltr'>rectum</span> 
     </span>
     <span class='ocr_line' id='line_1_14' title="bbox 140 1443 1093 1533; baseline -0.002 -21"><span class='ocrx_word' id='word_1_98' title='bbox 140 1469 219 1531; x_wconf 90' lang='lat' dir='ltr'>esse,</span> <span class='ocrx_word' id='word_1_99' title='bbox 250 1449 313 1533; x_wconf 89' lang='lat' dir='ltr'>ipsi</span> <span class='ocrx_word' id='word_1_100' title='bbox 336 1448 451 1513; x_wconf 78' lang='lat' dir='ltr'>dicas</span> <span class='ocrx_word' id='word_1_101' title='bbox 485 1443 660 1512; x_wconf 90' lang='lat' dir='ltr'>Hominem</span> <span class='ocrx_word' id='word_1_102' title='bbox 690 1447 878 1512; x_wconf 86' lang='lat' dir='ltr'>facillimum</span> <span class='ocrx_word' id='word_1_103' title='bbox 909 1447 1093 1511; x_wconf 85' lang='lat' dir='ltr'>liberalissi-</span> 
     </span>
     <span class='ocr_line' id='line_1_15' title="bbox 139 1536 1094 1622; baseline -0.005 -20"><span class='ocrx_word' id='word_1_104' title='bbox 139 1557 291 1622; x_wconf 87' lang='lat' dir='ltr'>mumque</span> <span class='ocrx_word' id='word_1_105' title='bbox 309 1557 497 1622; x_wconf 70' lang='lat' dir='ltr'>cognosces,</span> <span class='ocrx_word' id='word_1_106' title='bbox 519 1536 628 1620; x_wconf 87' lang='lat' dir='ltr'>itaque</span> <span class='ocrx_word' id='word_1_107' title='bbox 646 1539 679 1600; x_wconf 91' lang='lat' dir='ltr'>te</span> <span class='ocrx_word' id='word_1_108' title='bbox 696 1555 785 1620; x_wconf 82' lang='lat' dir='ltr'>roge,</span> <span class='ocrx_word' id='word_1_109' title='bbox 803 1539 841 1600; x_wconf 88' lang='lat' dir='ltr'>ut</span> <span class='ocrx_word' id='word_1_110' title='bbox 858 1557 931 1599; x_wconf 89' lang='lat' dir='ltr'>eum</span> <span class='ocrx_word' id='word_1_111' title='bbox 945 1536 1094 1618; x_wconf 89' lang='lat' dir='ltr'>solutum,</span> 
     </span>
     <span class='ocr_line' id='line_1_16' title="bbox 139 1623 1094 1709; baseline -0.002 -20"><span class='ocrx_word' id='word_1_112' title='bbox 139 1625 290 1709; x_wconf 88' lang='lat' dir='ltr'>liberum,</span> <span class='ocrx_word' id='word_1_113' title='bbox 318 1624 471 1691; x_wconf 88' lang='lat' dir='ltr'>confectis</span> <span class='ocrx_word' id='word_1_114' title='bbox 498 1624 566 1688; x_wconf 89' lang='lat' dir='ltr'>eius</span> <span class='ocrx_word' id='word_1_115' title='bbox 588 1624 729 1709; x_wconf 81' lang='lat' dir='ltr'>negotiis</span> <span class='ocrx_word' id='word_1_116' title='bbox 750 1645 809 1709; x_wconf 92' lang='lat' dir='ltr'>per</span> <span class='ocrx_word' id='word_1_117' title='bbox 834 1627 880 1709; x_wconf 91' lang='lat' dir='ltr'>te,</span> <span class='ocrx_word' id='word_1_118' title='bbox 909 1645 1005 1708; x_wconf 91' lang='lat' dir='ltr'>quam</span> <span class='ocrx_word' id='word_1_119' title='bbox 1031 1623 1094 1706; x_wconf 88' lang='lat' dir='ltr'>pri-</span> 
     </span>
     <span class='ocr_line' id='line_1_17' title="bbox 140 1711 1095 1796; baseline -0.002 -19"><span class='ocrx_word' id='word_1_120' title='bbox 140 1735 229 1778; x_wconf 88' lang='lat' dir='ltr'>mum</span> <span class='ocrx_word' id='word_1_121' title='bbox 252 1713 293 1777; x_wconf 91' lang='lat' dir='ltr'>ad</span> <span class='ocrx_word' id='word_1_122' title='bbox 319 1735 371 1777; x_wconf 90' lang='lat' dir='ltr'>me</span> <span class='ocrx_word' id='word_1_123' title='bbox 393 1711 555 1777; x_wconf 87' lang='lat' dir='ltr'>remittas:</span> <span class='ocrx_word' id='word_1_124' title='bbox 586 1712 621 1776; x_wconf 93' lang='lat' dir='ltr'>id</span> <span class='ocrx_word' id='word_1_125' title='bbox 642 1712 723 1776; x_wconf 88' lang='lat' dir='ltr'>mihi</span> <span class='ocrx_word' id='word_1_126' title='bbox 751 1711 906 1796; x_wconf 73' lang='lat' dir='ltr'>fratrique</span> <span class='ocrx_word' id='word_1_127' title='bbox 928 1733 1000 1778; x_wconf 90' lang='lat' dir='ltr'>mec</span> <span class='ocrx_word' id='word_1_128' title='bbox 1024 1731 1095 1796; x_wconf 82' lang='lat' dir='ltr'>gra·</span> 
     </span>
     <span class='ocr_line' id='line_1_18' title="bbox 140 1801 446 1867; baseline -0.007 -1"><span class='ocrx_word' id='word_1_129' title='bbox 140 1803 302 1867; x_wconf 88' lang='lat' dir='ltr'>tissimum</span> <span class='ocrx_word' id='word_1_130' title='bbox 324 1801 446 1865; x_wconf 84' lang='lat' dir='ltr'>feceris.</span> 
     </span>
    </p>
   </div>
   <div class='ocr_carea' id='block_1_3' title="bbox 562 1991 679 2062">
    <p class='ocr_par' dir='ltr' id='par_1_3' title="bbox 562 1991 679 2062">
     <span class='ocr_line' id='line_1_19' title="bbox 562 1991 679 2062; baseline 0.034 -4"><span class='ocrx_word' id='word_1_131' title='bbox 562 1991 679 2062; x_wconf 85' lang='lat' dir='ltr'><strong>LXIV.</strong></span> 
     </span>
    </p>
   </div>
   <div class='ocr_carea' id='block_1_4' title="bbox 294 2100 937 2164">
    <p class='ocr_par' dir='ltr' id='par_1_4' title="bbox 294 2100 937 2164">
     <span class='ocr_line' id='line_1_20' title="bbox 294 2100 937 2164; baseline 0.002 -8"><span class='ocrx_word' id='word_1_132' title='bbox 294 2100 351 2156; x_wconf 77' lang='lat' dir='ltr'>Ser.</span> <span class='ocrx_word' id='word_1_133' title='bbox 374 2103 405 2157; x_wconf 92' lang='lat' dir='ltr'>in</span> <span class='ocrx_word' id='word_1_134' title='bbox 429 2102 527 2164; x_wconf 83' lang='lat' dir='ltr'>Cilicia</span> <span class='ocrx_word' id='word_1_135' title='bbox 549 2105 667 2158; x_wconf 83' lang='lat' dir='ltr'>exeunte</span> <span class='ocrx_word' id='word_1_136' title='bbox 691 2119 763 2157; x_wconf 88' lang='lat' dir='ltr'>anno</span> <span class='ocrx_word' id='word_1_137' title='bbox 787 2121 813 2156; x_wconf 88' lang='lat' dir='ltr'>u.</span> <span class='ocrx_word' id='word_1_138' title='bbox 839 2120 861 2158; x_wconf 88' lang='lat' dir='ltr'>c.</span> <span class='ocrx_word' id='word_1_139' title='bbox 886 2109 937 2160; x_wconf 76' lang='lat'>703</span> 
     </span>
    </p>
   </div>
   <div class='ocr_carea' id='block_1_5' title="bbox 336 2223 903 2282">
    <p class='ocr_par' dir='ltr' id='par_1_5' title="bbox 336 2223 903 2282">
     <span class='ocr_line' id='line_1_21' title="bbox 336 2223 903 2282; baseline 0.002 -2"><span class='ocrx_word' id='word_1_140' title='bbox 336 2225 373 2280; x_wconf 90' lang='grc' dir='ltr'>Μ.</span> <span class='ocrx_word' id='word_1_141' title='bbox 388 2224 517 2282; x_wconf 78' lang='lat' dir='ltr'><strong>CICERO</strong></span> <span class='ocrx_word' id='word_1_142' title='bbox 532 2225 559 2280; x_wconf 80' lang='lat' dir='ltr'>S.</span> <span class='ocrx_word' id='word_1_143' title='bbox 573 2225 606 2281; x_wconf 91' lang='lat' dir='ltr'>D.</span> <span class='ocrx_word' id='word_1_144' title='bbox 620 2226 651 2281; x_wconf 85' lang='lat' dir='ltr'>P.</span> <span class='ocrx_word' id='word_1_145' title='bbox 667 2225 759 2282; x_wconf 77' lang='lat' dir='ltr'><strong>SILIO</strong></span> <span class='ocrx_word' id='word_1_146' title='bbox 773 2223 903 2281; x_wconf 85' lang='lat' dir='ltr'><strong>PROPR.</strong></span> 
     </span>
    </p>
   </div>
   <div class='ocr_carea' id='block_1_6' title="bbox 140 2320 1130 2767">
    <p class='ocr_par' dir='ltr' id='par_1_6' title="bbox 140 2320 1130 2767">
     <span class='ocr_line' id='line_1_22' title="bbox 208 2320 1130 2413; baseline 0.002 -24"><span class='ocrx_word' id='word_1_147' title='bbox 208 2320 296 2390; x_wconf 85' lang='lat' dir='ltr'>Nero</span> <span class='ocrx_word' id='word_1_148' title='bbox 319 2347 409 2391; x_wconf 91' lang='lat' dir='ltr'>meus</span> <span class='ocrx_word' id='word_1_149' title='bbox 436 2325 586 2392; x_wconf 84' lang='lat' dir='ltr'>mirificas</span> <span class='ocrx_word' id='word_1_150' title='bbox 609 2327 694 2410; x_wconf 91' lang='lat' dir='ltr'>apud</span> <span class='ocrx_word' id='word_1_151' title='bbox 720 2348 772 2391; x_wconf 92' lang='lat' dir='ltr'>me</span> <span class='ocrx_word' id='word_1_152' title='bbox 794 2325 855 2390; x_wconf 89' lang='lat' dir='ltr'>tibi</span> <span class='ocrx_word' id='word_1_153' title='bbox 877 2325 999 2411; x_wconf 76' lang='lat' dir='ltr'>gratias</span> <span class='ocrx_word' id='word_1_154' title='bbox 1022 2327 1096 2413; x_wconf 84' lang='lat' dir='ltr'>egit,</span> <span class='ocrx_word' id='word_1_155' title='bbox 1116 2343 1130 2391; x_wconf 87' lang='lat'><em>1</em></span> 
     </span>
     <span class='ocr_line' id='line_1_23' title="bbox 140 2411 1097 2498; baseline 0.003 -21"><span class='ocrx_word' id='word_1_156' title='bbox 140 2414 273 2498; x_wconf 85' lang='lat' dir='ltr'>prcrsus</span> <span class='ocrx_word' id='word_1_157' title='bbox 294 2413 505 2498; x_wconf 81' lang='lat' dir='ltr'>incredibiles,</span> <span class='ocrx_word' id='word_1_158' title='bbox 528 2411 565 2480; x_wconf 86' lang='lat' dir='ltr'>ut</span> <span class='ocrx_word' id='word_1_159' title='bbox 585 2416 710 2480; x_wconf 90' lang='lat' dir='ltr'>nullum</span> <span class='ocrx_word' id='word_1_160' title='bbox 728 2415 884 2480; x_wconf 88' lang='lat' dir='ltr'>honorem</span> <span class='ocrx_word' id='word_1_161' title='bbox 906 2415 968 2479; x_wconf 88' lang='lat' dir='ltr'>sibi</span> <span class='ocrx_word' id='word_1_162' title='bbox 985 2415 1097 2480; x_wconf 89' lang='lat' dir='ltr'>haberi</span> 
     </span>
     <span class='ocr_line' id='line_1_24' title="bbox 140 2503 1096 2588; baseline 0 -20"><span class='ocrx_word' id='word_1_163' title='bbox 140 2503 284 2586; x_wconf 87' lang='lat' dir='ltr'>potuisse</span> <span class='ocrx_word' id='word_1_164' title='bbox 307 2503 433 2587; x_wconf 85' lang='lat' dir='ltr'>diceret,</span> <span class='ocrx_word' id='word_1_165' title='bbox 457 2503 512 2588; x_wconf 90' lang='lat' dir='ltr'>qui</span> <span class='ocrx_word' id='word_1_166' title='bbox 536 2525 555 2568; x_wconf 89' lang='lat' dir='ltr'>a</span> <span class='ocrx_word' id='word_1_167' title='bbox 577 2506 609 2569; x_wconf 92' lang='lat' dir='ltr'>te</span> <span class='ocrx_word' id='word_1_168' title='bbox 631 2504 876 2587; x_wconf 88' lang='lat' dir='ltr'>praetermissus</span> <span class='ocrx_word' id='word_1_169' title='bbox 899 2507 992 2568; x_wconf 91' lang='lat' dir='ltr'>esset.</span> <span class='ocrx_word' id='word_1_170' title='bbox 1028 2503 1096 2568; x_wconf 88' lang='lat' dir='ltr'>Ma-</span> 
     </span>
     <span class='ocr_line' id='line_1_25' title="bbox 142 2591 1097 2676; baseline 0.003 -21"><span class='ocrx_word' id='word_1_171' title='bbox 142 2611 243 2676; x_wconf 79' lang='lat' dir='ltr'>gnum</span> <span class='ocrx_word' id='word_1_172' title='bbox 268 2591 408 2656; x_wconf 82' lang='lat' dir='ltr'>fructum</span> <span class='ocrx_word' id='word_1_173' title='bbox 436 2613 475 2655; x_wconf 85' lang='lat' dir='ltr'>ex</span> <span class='ocrx_word' id='word_1_174' title='bbox 500 2592 573 2676; x_wconf 89' lang='lat' dir='ltr'>ipso</span> <span class='ocrx_word' id='word_1_175' title='bbox 600 2592 720 2676; x_wconf 88' lang='lat' dir='ltr'>capies,</span> <span class='ocrx_word' id='word_1_176' title='bbox 747 2591 830 2656; x_wconf 88' lang='lat' dir='ltr'>nihil</span> <span class='ocrx_word' id='word_1_177' title='bbox 856 2595 906 2656; x_wconf 92' lang='lat' dir='ltr'>est</span> <span class='ocrx_word' id='word_1_178' title='bbox 933 2593 1018 2676; x_wconf 84' lang='lat' dir='ltr'>enim</span> <span class='ocrx_word' id='word_1_179' title='bbox 1040 2593 1097 2659; x_wconf 89' lang='lat' dir='ltr'>illo</span> 
     </span>
     <span class='ocr_line' id='line_1_26' title="bbox 143 2678 1097 2767; baseline 0.003 -24"><span class='ocrx_word' id='word_1_180' title='bbox 143 2678 342 2744; x_wconf 89' lang='lat' dir='ltr'>adolescente</span> <span class='ocrx_word' id='word_1_181' title='bbox 378 2679 515 2765; x_wconf 72' lang='lat' dir='ltr'>gratius,</span> <span class='ocrx_word' id='word_1_182' title='bbox 553 2681 609 2744; x_wconf 93' lang='lat' dir='ltr'>sed</span> <span class='ocrx_word' id='word_1_183' title='bbox 640 2681 819 2745; x_wconf 90' lang='lat' dir='ltr'>mehercule</span> <span class='ocrx_word' id='word_1_184' title='bbox 855 2680 934 2744; x_wconf 90' lang='lat' dir='ltr'>mihi</span> <span class='ocrx_word' id='word_1_185' title='bbox 971 2703 1097 2767; x_wconf 85' lang='lat' dir='ltr'>quoque</span> 
     </span>
    </p>
   </div>
   <div class='ocr_carea' id='block_1_7' title="bbox 141 2767 1111 3295">
    <p class='ocr_par' dir='ltr' id='par_1_7' title="bbox 141 2767 1111 3295">
     <span class='ocr_line' id='line_1_27' title="bbox 143 2767 1097 2853; baseline 0.003 -22"><span class='ocrx_word' id='word_1_186' title='bbox 143 2767 361 2853; x_wconf 81' lang='lat' dir='ltr'>gratissimum</span> <span class='ocrx_word' id='word_1_187' title='bbox 383 2767 501 2852; x_wconf 84' lang='lat' dir='ltr'>fecisti,</span> <span class='ocrx_word' id='word_1_188' title='bbox 523 2767 624 2851; x_wconf 90' lang='lat' dir='ltr'>pluris</span> <span class='ocrx_word' id='word_1_189' title='bbox 647 2769 733 2832; x_wconf 91' lang='lat' dir='ltr'>enim</span> <span class='ocrx_word' id='word_1_190' title='bbox 756 2789 795 2831; x_wconf 90' lang='lat' dir='ltr'>ex</span> <span class='ocrx_word' id='word_1_191' title='bbox 818 2768 906 2833; x_wconf 90' lang='lat' dir='ltr'>omni</span> <span class='ocrx_word' id='word_1_192' title='bbox 928 2767 1097 2834; x_wconf 89' lang='lat' dir='ltr'>nobilitate</span> 
     </span>
     <span class='ocr_line' id='line_1_28' title="bbox 141 2855 1099 2942; baseline 0.003 -23"><span class='ocrx_word' id='word_1_193' title='bbox 141 2855 303 2921; x_wconf 91' lang='lat' dir='ltr'>neminem</span> <span class='ocrx_word' id='word_1_194' title='bbox 325 2855 418 2922; x_wconf 90' lang='lat' dir='ltr'>facio.</span> <span class='ocrx_word' id='word_1_195' title='bbox 458 2855 581 2941; x_wconf 87' lang='lat' dir='ltr'>Itaque,</span> <span class='ocrx_word' id='word_1_196' title='bbox 605 2856 633 2921; x_wconf 91' lang='lat' dir='ltr'>si</span> <span class='ocrx_word' id='word_1_197' title='bbox 655 2877 693 2920; x_wconf 91' lang='lat' dir='ltr'>ea</span> <span class='ocrx_word' id='word_1_198' title='bbox 715 2857 838 2940; x_wconf 83' lang='lat' dir='ltr'>feceris,</span> <span class='ocrx_word' id='word_1_199' title='bbox 861 2877 942 2940; x_wconf 90' lang='lat' dir='ltr'>quae</span> <span class='ocrx_word' id='word_1_200' title='bbox 964 2857 1019 2922; x_wconf 89' lang='lat' dir='ltr'>ille</span> <span class='ocrx_word' id='word_1_201' title='bbox 1040 2879 1099 2942; x_wconf 88' lang='lat' dir='ltr'>per</span> 
     </span>
     <span class='ocr_line' id='line_1_29' title="bbox 141 2944 1097 3030; baseline 0 -20"><span class='ocrx_word' id='word_1_202' title='bbox 141 2965 194 3010; x_wconf 90' lang='lat' dir='ltr'>me</span> <span class='ocrx_word' id='word_1_203' title='bbox 224 2947 330 3009; x_wconf 90' lang='lat' dir='ltr'>tecum</span> <span class='ocrx_word' id='word_1_204' title='bbox 367 2945 421 3030; x_wconf 81' lang='lat' dir='ltr'>agi</span> <span class='ocrx_word' id='word_1_205' title='bbox 455 2945 572 3028; x_wconf 84' lang='lat' dir='ltr'>voluit,</span> <span class='ocrx_word' id='word_1_206' title='bbox 609 2944 828 3030; x_wconf 82' lang='lat' dir='ltr'>gratissimum</span> <span class='ocrx_word' id='word_1_207' title='bbox 858 2944 940 3009; x_wconf 89' lang='lat' dir='ltr'>mihi</span> <span class='ocrx_word' id='word_1_208' title='bbox 970 2946 1097 3010; x_wconf 86' lang='lat' dir='ltr'>feceris:</span> 
     </span>
     <span class='ocr_line' id='line_1_30' title="bbox 141 3032 1111 3118; baseline -0.001 -20"><span class='ocrx_word' id='word_1_209' title='bbox 141 3033 281 3118; x_wconf 88' lang='lat' dir='ltr'>primum</span> <span class='ocrx_word' id='word_1_210' title='bbox 313 3033 352 3098; x_wconf 91' lang='lat' dir='ltr'>de</span> <span class='ocrx_word' id='word_1_211' title='bbox 378 3033 540 3098; x_wconf 85' lang='lat' dir='ltr'>Pausania</span> <span class='ocrx_word' id='word_1_212' title='bbox 566 3032 800 3116; x_wconf 88' lang='lat' dir='ltr'>Alabandensi,</span> <span class='ocrx_word' id='word_1_213' title='bbox 833 3035 993 3098; x_wconf 84' lang='lat' dir='ltr'>sustentes</span> <span class='ocrx_word' id='word_1_214' title='bbox 1020 3056 1111 3116; x_wconf 90' lang='lat' dir='ltr'>rem,</span> 
     </span>
     <span class='ocr_line' id='line_1_31' title="bbox 141 3119 1098 3204; baseline -0.004 -16"><span class='ocrx_word' id='word_1_215' title='bbox 141 3124 219 3190; x_wconf 88' lang='lat' dir='ltr'>dum</span> <span class='ocrx_word' id='word_1_216' title='bbox 239 3119 326 3186; x_wconf 87' lang='lat' dir='ltr'>Nero</span> <span class='ocrx_word' id='word_1_217' title='bbox 348 3123 459 3186; x_wconf 86' lang='lat' dir='ltr'>veniat</span> <span class='ocrx_word' id='word_1_218' title='bbox 481 3159 522 3168; x_wconf 86' lang='lat'>-</span> <span class='ocrx_word' id='word_1_219' title='bbox 545 3122 751 3187; x_wconf 84' lang='lat' dir='ltr'>vehementer</span> <span class='ocrx_word' id='word_1_220' title='bbox 773 3122 841 3186; x_wconf 89' lang='lat' dir='ltr'>eius</span> <span class='ocrx_word' id='word_1_221' title='bbox 864 3143 961 3185; x_wconf 85' lang='lat' dir='ltr'>causa</span> <span class='ocrx_word' id='word_1_222' title='bbox 984 3143 1098 3204; x_wconf 90' lang='lat' dir='ltr'>cupere</span> 
     </span>
     <span class='ocr_line' id='line_1_32' title="bbox 142 3208 1098 3295; baseline -0.004 -19"><span class='ocrx_word' id='word_1_223' title='bbox 142 3233 216 3276; x_wconf 92' lang='lat' dir='ltr'>eum</span> <span class='ocrx_word' id='word_1_224' title='bbox 237 3208 395 3294; x_wconf 73' lang='lat' dir='ltr'>intellexi,</span> <span class='ocrx_word' id='word_1_225' title='bbox 418 3211 527 3295; x_wconf 88' lang='lat' dir='ltr'>itaque</span> <span class='ocrx_word' id='word_1_226' title='bbox 549 3210 611 3274; x_wconf 92' lang='lat' dir='ltr'>hoc</span> <span class='ocrx_word' id='word_1_227' title='bbox 632 3209 724 3274; x_wconf 81' lang='lat' dir='ltr'>valde</span> <span class='ocrx_word' id='word_1_228' title='bbox 746 3213 779 3274; x_wconf 89' lang='lat' dir='ltr'>te</span> <span class='ocrx_word' id='word_1_229' title='bbox 801 3229 881 3293; x_wconf 84' lang='lat' dir='ltr'>rogo</span> <span class='ocrx_word' id='word_1_230' title='bbox 902 3233 960 3292; x_wconf 82' lang='lat'>-3</span> <span class='ocrx_word' id='word_1_231' title='bbox 984 3208 1098 3274; x_wconf 91' lang='lat' dir='ltr'>deinde</span> 
     </span>
    </p>
   </div>
   <div class='ocr_carea' id='block_1_8' title="bbox 141 3434 1120 3652">
    <p class='ocr_par' dir='ltr' id='par_1_8' title="bbox 141 3434 1120 3652">
     <span class='ocr_line' id='line_1_33' title="bbox 213 3434 1097 3509; baseline -0.005 -17"><span class='ocrx_word' id='word_1_232' title='bbox 213 3439 265 3509; x_wconf 87' lang='lat' dir='ltr'>Ep.</span> <span class='ocrx_word' id='word_1_233' title='bbox 285 3445 327 3506; x_wconf 82' lang='lat'>63,</span> <span class='ocrx_word' id='word_1_234' title='bbox 342 3443 367 3491; x_wconf 76' lang='lat'>2.</span> <span class='ocrx_word' id='word_1_235' title='bbox 390 3453 517 3502; x_wconf 82' lang='lat' dir='ltr'>meeum,</span> <span class='ocrx_word' id='word_1_236' title='bbox 536 3437 568 3490; x_wconf 83' lang='lat' dir='ltr'>de</span> <span class='ocrx_word' id='word_1_237' title='bbox 581 3452 634 3504; x_wconf 76' lang='lat' dir='ltr'>qao</span> <span class='ocrx_word' id='word_1_238' title='bbox 653 3436 713 3504; x_wconf 73' lang='lat' dir='ltr'>(L).</span> <span class='ocrx_word' id='word_1_239' title='bbox 750 3451 799 3500; x_wconf 85' lang='lat' dir='ltr'>me,</span> <span class='ocrx_word' id='word_1_240' title='bbox 817 3435 850 3489; x_wconf 83' lang='lat' dir='ltr'>de</span> <span class='ocrx_word' id='word_1_241' title='bbox 863 3450 916 3503; x_wconf 74' lang='lat' dir='ltr'>quo</span> <span class='ocrx_word' id='word_1_242' title='bbox 931 3434 1003 3502; x_wconf 90' lang='lat' dir='ltr'>(edd.</span> <span class='ocrx_word' id='word_1_243' title='bbox 1018 3437 1097 3504; x_wconf 86' lang='lat' dir='ltr'>vett.)</span> 
     </span>
     <span class='ocr_line' id='line_1_34' title="bbox 141 3505 1120 3581; baseline -0.003 -17"><span class='ocrx_word' id='word_1_244' title='bbox 141 3510 236 3581; x_wconf 88' lang='lat' dir='ltr'>vulgo.</span> <span class='ocrx_word' id='word_1_245' title='bbox 273 3525 384 3578; x_wconf 79' lang='lat' dir='ltr'>meque</span> <span class='ocrx_word' id='word_1_246' title='bbox 402 3508 439 3560; x_wconf 90' lang='lat' dir='ltr'>M.</span> <span class='ocrx_word' id='word_1_247' title='bbox 475 3507 585 3576; x_wconf 69' lang='lat' dir='ltr'>uper,</span> <span class='ocrx_word' id='word_1_248' title='bbox 602 3514 625 3560; x_wconf 94' lang='lat'>1.</span> <span class='ocrx_word' id='word_1_249' title='bbox 661 3507 784 3575; x_wconf 59' lang='lat' dir='ltr'>qratiam</span> <span class='ocrx_word' id='word_1_250' title='bbox 801 3506 847 3559; x_wconf 82' lang='lat' dir='ltr'>sed</span> <span class='ocrx_word' id='word_1_251' title='bbox 865 3505 939 3575; x_wconf 91' lang='lat' dir='ltr'>(W.).</span> <span class='ocrx_word' id='word_1_252' title='bbox 976 3521 1016 3574; x_wconf 75' lang='lat' dir='ltr'>pr.</span> <span class='ocrx_word' id='word_1_253' title='bbox 1045 3505 1120 3561; x_wconf 79' lang='lat' dir='ltr'>Sed&#39;</span> 
     </span>
     <span class='ocr_line' id='line_1_35' title="bbox 142 3575 849 3652; baseline -0.01 -17"><span class='ocrx_word' id='word_1_254' title='bbox 142 3581 237 3652; x_wconf 81' lang='lat' dir='ltr'>vulgo.</span> <span class='ocrx_word' id='word_1_255' title='bbox 256 3611 290 3620; x_wconf 93' lang='lat'>-</span> <span class='ocrx_word' id='word_1_256' title='bbox 309 3579 507 3646; x_wconf 75' lang='lat' dir='ltr'>Alabandensi,</span> <span class='ocrx_word' id='word_1_257' title='bbox 526 3581 591 3632; x_wconf 77' lang='lat' dir='ltr'>sust.</span> <span class='ocrx_word' id='word_1_258' title='bbox 611 3575 689 3645; x_wconf 76' lang='lat' dir='ltr'>(On).</span> <span class='ocrx_word' id='word_1_259' title='bbox 725 3577 760 3630; x_wconf 78' lang='lat' dir='ltr'>A.</span> <span class='ocrx_word' id='word_1_260' title='bbox 779 3591 800 3631; x_wconf 85' lang='lat' dir='ltr'>s.</span> <span class='ocrx_word' id='word_1_261' title='bbox 820 3576 849 3629; x_wconf 90' lang='grc' dir='ltr'>Β.</span> 
     </span>
    </p>
   </div>
   <div class='ocr_carea' id='block_1_9' title="bbox 833 3665 950 3719">
    <p class='ocr_par' dir='ltr' id='par_1_9' title="bbox 833 3665 950 3719">
     <span class='ocr_line' id='line_1_36' title="bbox 833 3665 950 3719; baseline -0.009 -18"><span class='ocrx_word' id='word_1_262' title='bbox 833 3665 886 3719; x_wconf 72' lang='grc'>30*</span> <span class='ocrx_word' id='word_1_263' title='bbox 949 3697 950 3700; x_wconf 74' lang='grc'>,</span> 
     </span>
    </p>
   </div>
   <div class='ocr_carea' id='block_1_10' title="bbox 0 0 1329 3986">
    <p class='ocr_par' dir='ltr' id='par_1_10' title="bbox 0 0 1329 3986">
     <span class='ocr_line' id='line_1_37' title="bbox 0 0 1329 3986; baseline 0 0"><span class='ocrx_word' id='word_1_264' title='bbox 0 0 1329 3986; x_wconf 95' lang='lat' dir='ltr'> </span> 
     </span>
    </p>
   </div>
  </div>
 </body>
</html>
