2556 3986
66 243 107 297 Μ.
127 242 250 298 TULLII
268 243 458 298 CICERONIS
476 243 735 300 EPISTULARUM
753 244 825 300 XVI.
844 251 919 299 1-3.
957 242 1022 308 533

69 387 180 452 Unum
205 388 298 471 illud,
326 389 370 452 mi
398 387 487 473 Tiro,
516 389 637 472 videto,
665 390 692 453 si
719 411 770 454 me
798 411 900 473 amas,
926 409 967 452 ne
990 391 1023 452 le

65 474 224 540 Marionis
252 476 409 540 adventus
437 481 470 541 el
495 477 557 542 hae
588 478 714 542 litierae
742 480 905 542 moveant:
937 476 1024 559 quod

66 563 245 628 valetudini
263 568 338 628 tuae
356 565 493 629 maxime
512 565 678 646 conducet,
701 567 728 629 si
745 565 869 649 feceris,
886 564 1023 628 maxime

68 651 300 734 obtemperaris
323 652 483 717 volunlati
510 675 608 718 meae.
653 659 740 718 Haec
767 675 826 738 pro
854 658 910 717 tuo
933 653 1058 736 inge-e

66 740 125 803 nio
149 739 323 804 considera.
358 739 428 805 Nos
446 741 493 805 iia
511 745 544 805 le
562 741 788 824 desideramus,
810 744 847 806 ul
867 762 1024 823 amemus3

68 848 174 912 amor,
196 831 233 892 ui
254 828 415 893 valentem
438 829 616 914 videamus„
639 830 800 913 horlalur,
824 829 1024 912 desiderium,

67 919 107 978 ui
134 937 231 1000 quam
258 915 410 999 primum:
438 917 518 982 illud
545 917 646 1002 igilur
672 918 789 1001 polius.
835 914 920 982 Oura
946 936 1023 1001 ergo
1143 956 1145 960 ν

66 1004 285 1088 potissimum,
312 1007 350 1068 ul
377 1006 498 1069 valeas:
526 1005 565 1069 de
592 1006 657 1070 tuis
679 1005 967 1070 innumerabilibus
989 1005 1025 1068 in

67 1113 120 1155 me
144 1091 259 1156 officiis
283 1093 344 1156 erit
365 1093 428 1158 hoc
451 1093 678 1178 gratissimum.
723 1112 770 1158 111.
805 1092 891 1158 Non.
913 1090 996 1157 Nor.

529 1356 572 1423 Π.

177 1465 233 1522 Scr.
252 1467 369 1538 Alyziae
387 1467 477 1524 Nonis
496 1468 702 1524 Novembribus
721 1485 746 1522 a.
765 1486 791 1521 u.
811 1485 834 1522 c.
855 1473 915 1522 704.

305 1591 462 1648 TULLIUS
481 1591 609 1648 TIRONI
628 1592 695 1647 SUO
716 1591 790 1647 SAL.

135 1688 213 1753 Nou
236 1713 318 1774 queo
341 1693 383 1756 ad
405 1695 437 1757 te
464 1713 525 1756 nee
546 1693 627 1757 libel
650 1693 800 1774 scribere,
830 1713 894 1775 quo
917 1691 1025 1756 animo

69 1777 132 1840 sim
156 1776 301 1842 affectus:
330 1781 459 1842 lantum
482 1780 601 1862 scribo,
628 1783 662 1843 et
682 1779 743 1843 libi
766 1783 799 1842 el
820 1779 900 1842 mihi
927 1779 1026 1842 maxi-

68 1885 142 1928 mae
165 1865 325 1949 voluptati
346 1865 425 1950 fore,
448 1867 476 1930 si
497 1870 530 1930 te
552 1867 681 1930 finnum
700 1887 796 1949 quam
818 1865 958 1949 pulmum
981 1866 1026 1929 vi-

69 1953 156 2016 dero.
202 1950 312 2018 Tertio
335 1952 386 2016 die
414 1953 472 2018 abs
494 1956 527 2017 le
555 1953 596 2018 ad
622 1952 770 2038 Alyziam
793 1973 1026 2018 accesseramus

69 2040 155 2104 -is
178 2040 268 2106 locus
293 2044 343 2105 est
365 2041 445 2106 citra
463 2040 643 2106 Leucadem
663 2041 767 2106 stadia
786 2057 854 2107 cxx
867 2064 923 2123 -ς
946 2039 1026 2104 Leu-

69 2128 149 2192 cade
173 2130 230 2193 aul
251 2131 284 2193 le
307 2129 414 2213 ipsum
436 2133 494 2194 aul
515 2133 589 2194 luas
611 2130 736 2194 litteras
760 2151 779 2194 a
801 2127 947 2193 Marione
970 2151 1027 2212 pu·

67 2216 182 2280 labam
203 2236 255 2280 me
279 2220 494 2301 accepturum.
539 2216 703 2293 Quantum
730 2239 781 2281 me
809 2216 930 2300 diligis,
955 2219 1027 2280 Ian·

68 2308 141 2367 tum
163 2304 216 2367 fac
238 2308 276 2369 ut
297 2305 415 2388 valeas,
437 2307 488 2370 vel
511 2317 669 2389 quantum
685 2310 718 2370 te
737 2327 757 2370 a
775 2326 826 2369 me
846 2305 907 2368 scis
928 2304 1028 2390 diligi.
1090 2361 1092 2363 ,

69 2389 103 2455 N
104 2413 156 2456 on.
178 2389 211 2456 N
213 2414 262 2458 or.
284 2393 407 2477 Alyzia.

516 2620 575 2687 111.

118 2731 174 2784 Ser.
194 2732 308 2800 Alyziae
327 2749 353 2787 a.
372 2733 399 2786 d.
418 2733 492 2788 VIII.
511 2734 576 2788 Idus
595 2733 767 2788 Novembres
787 2749 811 2786 a.
831 2750 857 2786 u.
876 2748 899 2786 e.
920 2737 979 2787 704.

96 2853 252 2909 TULLIUS
276 2855 325 2910 ET
353 2855 482 2911 OIOERO
511 2855 640 2910 TIRONI
665 2852 733 2910 SUO
758 2854 834 2910 SAL.
862 2853 930 2908 DIO.
958 2854 1006 2908 ET

356 2926 388 2992 O.
407 2925 530 2981 PATER
547 2925 595 2980 ET
613 2925 741 2980 FILIUS.

138 3022 208 3088 Nos
240 3025 326 3109 apud
352 3024 513 3111 Alyziam,
547 3047 586 3089 ex
618 3046 681 3108 quo
713 3025 784 3089 loeo
817 3024 878 3088 tibi
905 3024 1062 3088 litterasl

71 3115 148 3176 ante
186 3112 388 3198 dederamus,
423 3135 525 3178 unum
562 3111 646 3177 diem
683 3112 873 3178 commorati
912 3133 1031 3194 sumus,

71 3200 159 3283 quod
182 3199 320 3276 Ouinius
343 3222 403 3265 nos
424 3204 613 3266 consecutus
636 3222 704 3265 nou
722 3204 803 3264 erat:
827 3200 855 3262 is
878 3198 945 3263 dies
967 3199 1031 3262 fuit

142 3423 194 3495 Ep.
215 3432 244 3495 1,
263 3432 287 3480 3.
324 3427 407 3492 hort,
431 3426 595 3481 desideriam
617 3427 692 3496 (Ν).
739 3426 781 3490 lr.,·
804 3425 830 3478 d.
853 3424 883 3477 B.
933 3423 985 3493 Ep.
1005 3430 1030 3476 2.

71 3495 400 3550 ucc.—is...OXX
421 3516 471 3562 -,·
497 3496 531 3550 L.
556 3497 631 3564 (W.).
682 3497 836 3560 u.;ia...
862 3493 955 3550 OXX.
996 3492 1029 3548 L.

70 3565 164 3635 vulgo.
215 3565 266 3636 Ep.
286 3571 312 3620 3.
354 3566 412 3620 ET
434 3566 465 3636 Q.
489 3565 639 3620 FILIUS
661 3566 747 3634 (W.)?
