<?xml version="1.0" encoding="UTF-8"?>
<!DOCTYPE html PUBLIC "-//W3C//DTD XHTML 1.0 Transitional//EN"
    "http://www.w3.org/TR/xhtml1/DTD/xhtml1-transitional.dtd">
<html xmlns="http://www.w3.org/1999/xhtml" xml:lang="en" lang="en">
 <head>
  <title>
</title>
<meta http-equiv="Content-Type" content="text/html;charset=utf-8" />
  <meta name='ocr-system' content='tesseract 3.04.00' />
  <meta name='ocr-capabilities' content='ocr_page ocr_carea ocr_par ocr_line ocrx_word'/>
</head>
<body>
  <div class='ocr_page' id='page_1' title='image "./epistolae00wesegoog_0311.png"; bbox 0 0 2676 3984; ppageno 0'>
   <div class='ocr_carea' id='block_1_1' title="bbox 440 185 1118 292">
    <p class='ocr_par' dir='ltr' id='par_1_1' title="bbox 440 185 1118 292">
     <span class='ocr_line' id='line_1_1' title="bbox 440 185 1118 292; baseline 0 -11"><span class='ocrx_word' id='word_1_1' title='bbox 440 185 795 284; x_wconf 67' lang='lat' dir='ltr'>mrsronanuuxe.</span> <span class='ocrx_word' id='word_1_2' title='bbox 814 233 839 282; x_wconf 83' lang='lat'>4.</span> <span class='ocrx_word' id='word_1_3' title='bbox 1053 226 1118 292; x_wconf 79' lang='lat'>299</span> 
     </span>
    </p>
   </div>
   <div class='ocr_carea' id='block_1_2' title="bbox 160 369 1154 1787">
    <p class='ocr_par' dir='ltr' id='par_1_2' title="bbox 160 369 1154 1787">
     <span class='ocr_line' id='line_1_2' title="bbox 160 369 1119 456; baseline 0.003 -21"><span class='ocrx_word' id='word_1_4' title='bbox 160 391 270 436; x_wconf 79' lang='lat' dir='ltr'>rerum</span> <span class='ocrx_word' id='word_1_5' title='bbox 296 372 390 436; x_wconf 88' lang='lat' dir='ltr'>tuum</span> <span class='ocrx_word' id='word_1_6' title='bbox 420 371 589 438; x_wconf 81' lang='lat' dir='ltr'>iudicium·</span> <span class='ocrx_word' id='word_1_7' title='bbox 605 375 655 438; x_wconf 80' lang='lat' dir='ltr'>eet</span> <span class='ocrx_word' id='word_1_8' title='bbox 680 371 777 456; x_wconf 81' lang='lat' dir='ltr'>idque</span> <span class='ocrx_word' id='word_1_9' title='bbox 802 372 948 438; x_wconf 89' lang='lat' dir='ltr'>liberum.</span> <span class='ocrx_word' id='word_1_10' title='bbox 997 369 1119 439; x_wconf 80' lang='lat' dir='ltr'>Consul</span> 
     </span>
     <span class='ocr_line' id='line_1_3' title="bbox 161 459 1119 546; baseline 0.003 -24"><span class='ocrx_word' id='word_1_11' title='bbox 161 479 197 523; x_wconf 86' lang='lat' dir='ltr'>es</span> <span class='ocrx_word' id='word_1_12' title='bbox 229 459 431 544; x_wconf 74' lang='lat' dir='ltr'>designatus,</span> <span class='ocrx_word' id='word_1_13' title='bbox 467 461 590 545; x_wconf 84' lang='lat' dir='ltr'>optima</span> <span class='ocrx_word' id='word_1_14' title='bbox 621 463 747 546; x_wconf 52' lang='lat' dir='ltr'>wtatep</span> <span class='ocrx_word' id='word_1_15' title='bbox 769 483 895 531; x_wconf 77' lang='lat' dir='ltr'>summa</span> <span class='ocrx_word' id='word_1_16' title='bbox 925 461 1119 545; x_wconf 75' lang='lat' dir='ltr'>eloquentia,</span> 
     </span>
     <span class='ocr_line' id='line_1_4' title="bbox 161 547 1118 634; baseline 0.007 -23"><span class='ocrx_word' id='word_1_17' title='bbox 161 547 303 612; x_wconf 82' lang='lat' dir='ltr'>maxima</span> <span class='ocrx_word' id='word_1_18' title='bbox 330 548 468 612; x_wconf 86' lang='lat' dir='ltr'>orbitate</span> <span class='ocrx_word' id='word_1_19' title='bbox 494 549 541 614; x_wconf 85' lang='lat' dir='ltr'>rei</span> <span class='ocrx_word' id='word_1_20' title='bbox 570 549 718 634; x_wconf 79' lang='lat' dir='ltr'>publicae</span> <span class='ocrx_word' id='word_1_21' title='bbox 744 550 887 619; x_wconf 80' lang='lat' dir='ltr'>uirorum</span> <span class='ocrx_word' id='word_1_22' title='bbox 912 550 1040 626; x_wconf 80' lang='lat' dir='ltr'>talium:</span> <span class='ocrx_word' id='word_1_23' title='bbox 1071 549 1118 618; x_wconf 85' lang='lat' dir='ltr'>in·</span> 
     </span>
     <span class='ocr_line' id='line_1_5' title="bbox 161 635 1118 723; baseline 0.002 -23"><span class='ocrx_word' id='word_1_24' title='bbox 161 635 287 721; x_wconf 80' lang='lat' dir='ltr'>cumbe,</span> <span class='ocrx_word' id='word_1_25' title='bbox 308 658 366 720; x_wconf 87' lang='lat' dir='ltr'>per</span> <span class='ocrx_word' id='word_1_26' title='bbox 384 637 462 702; x_wconf 85' lang='lat' dir='ltr'>deos</span> <span class='ocrx_word' id='word_1_27' title='bbox 477 637 689 704; x_wconf 80' lang='lat' dir='ltr'>immortales!</span> <span class='ocrx_word' id='word_1_28' title='bbox 712 638 748 706; x_wconf 82' lang='lat' dir='ltr'>in</span> <span class='ocrx_word' id='word_1_29' title='bbox 766 659 837 707; x_wconf 74' lang='lat' dir='ltr'>earn</span> <span class='ocrx_word' id='word_1_30' title='bbox 854 657 967 707; x_wconf 80' lang='lat' dir='ltr'>euram</span> <span class='ocrx_word' id='word_1_31' title='bbox 982 641 1016 710; x_wconf 76' lang='lat' dir='ltr'>‚a</span> <span class='ocrx_word' id='word_1_32' title='bbox 1033 637 1118 723; x_wconf 77' lang='lat' dir='ltr'>eogi-</span> 
     </span>
     <span class='ocr_line' id='line_1_6' title="bbox 162 724 1119 812; baseline 0.006 -23"><span class='ocrx_word' id='word_1_33' title='bbox 162 725 329 808; x_wconf 85' lang='lat' dir='ltr'>tationem‚</span> <span class='ocrx_word' id='word_1_34' title='bbox 352 741 433 808; x_wconf 82' lang='lat' dir='ltr'>qnae</span> <span class='ocrx_word' id='word_1_35' title='bbox 455 724 517 790; x_wconf 76' lang='lat' dir='ltr'>dibi</span> <span class='ocrx_word' id='word_1_36' title='bbox 539 747 698 792; x_wconf 81' lang='lat' dir='ltr'>summam</span> <span class='ocrx_word' id='word_1_37' title='bbox 721 727 914 812; x_wconf 81' lang='lat' dir='ltr'>dignitatem</span> <span class='ocrx_word' id='word_1_38' title='bbox 931 731 965 798; x_wconf 76' lang='lat' dir='ltr'>es</span> <span class='ocrx_word' id='word_1_39' title='bbox 981 726 1119 811; x_wconf 68' lang='lat' dir='ltr'>glumam</span> 
     </span>
     <span class='ocr_line' id='line_1_7' title="bbox 160 813 1119 901; baseline 0.001 -23"><span class='ocrx_word' id='word_1_40' title='bbox 160 813 291 895; x_wconf 85' lang='lat' dir='ltr'>afferat3</span> <span class='ocrx_word' id='word_1_41' title='bbox 318 834 403 878; x_wconf 88' lang='lat' dir='ltr'>unus</span> <span class='ocrx_word' id='word_1_42' title='bbox 421 817 540 879; x_wconf 81' lang='lat' dir='ltr'>autem</span> <span class='ocrx_word' id='word_1_43' title='bbox 567 818 630 898; x_wconf 81' lang='lat' dir='ltr'>est,</span> <span class='ocrx_word' id='word_1_44' title='bbox 660 816 723 882; x_wconf 86' lang='lat' dir='ltr'>hoe</span> <span class='ocrx_word' id='word_1_45' title='bbox 749 816 939 901; x_wconf 81' lang='lat' dir='ltr'>praesertim</span> <span class='ocrx_word' id='word_1_46' title='bbox 965 818 1119 900; x_wconf 84' lang='lat' dir='ltr'>tempore,</span> 
     </span>
     <span class='ocr_line' id='line_1_8' title="bbox 162 903 1118 989; baseline 0.003 -24"><span class='ocrx_word' id='word_1_47' title='bbox 162 923 221 987; x_wconf 88' lang='lat' dir='ltr'>per</span> <span class='ocrx_word' id='word_1_48' title='bbox 252 905 304 966; x_wconf 87' lang='lat' dir='ltr'>tot</span> <span class='ocrx_word' id='word_1_49' title='bbox 335 923 438 968; x_wconf 83' lang='lat' dir='ltr'>annos</span> <span class='ocrx_word' id='word_1_50' title='bbox 470 924 505 968; x_wconf 89' lang='lat' dir='ltr'>re</span> <span class='ocrx_word' id='word_1_51' title='bbox 536 903 666 988; x_wconf 81' lang='lat' dir='ltr'>publiea</span> <span class='ocrx_word' id='word_1_52' title='bbox 702 904 864 989; x_wconf 73' lang='lat' dir='ltr'>diversa,</span> <span class='ocrx_word' id='word_1_53' title='bbox 894 903 1118 987; x_wconf 80' lang='lat' dir='ltr'>reipublicae</span> 
     </span>
     <span class='ocr_line' id='line_1_9' title="bbox 161 990 1154 1077; baseline 0 -23"><span class='ocrx_word' id='word_1_54' title='bbox 161 991 246 1055; x_wconf 87' lang='lat' dir='ltr'>bene</span> <span class='ocrx_word' id='word_1_55' title='bbox 278 990 437 1076; x_wconf 77' lang='lat' dir='ltr'>gerendae</span> <span class='ocrx_word' id='word_1_56' title='bbox 452 1017 455 1026; x_wconf 95' lang='lat'>·</span> <span class='ocrx_word' id='word_1_57' title='bbox 468 1012 580 1058; x_wconf 83' lang='lat' dir='ltr'>eureus</span> <span class='ocrx_word' id='word_1_58' title='bbox 612 993 654 1058; x_wconf 85' lang='lat' dir='ltr'>ad</span> <span class='ocrx_word' id='word_1_59' title='bbox 690 993 836 1077; x_wconf 78' lang='lat' dir='ltr'><strong>gloriam.</strong></span> <span class='ocrx_word' id='word_1_60' title='bbox 889 991 979 1061; x_wconf 81' lang='lat' dir='ltr'>Haeo</span> <span class='ocrx_word' id='word_1_61' title='bbox 1010 1003 1154 1059; x_wconf 71' lang='lat' dir='ltr'>amores</span> 
     </span>
     <span class='ocr_line' id='line_1_10' title="bbox 161 1077 1118 1165; baseline 0.003 -22"><span class='ocrx_word' id='word_1_62' title='bbox 161 1079 276 1164; x_wconf 82' lang='lat' dir='ltr'>magis</span> <span class='ocrx_word' id='word_1_63' title='bbox 290 1077 448 1164; x_wconf 85' lang='lat' dir='ltr'>impulsus</span> <span class='ocrx_word' id='word_1_64' title='bbox 472 1080 642 1146; x_wconf 79' lang='lat' dir='ltr'>scribenda</span> <span class='ocrx_word' id='word_1_65' title='bbox 667 1081 709 1146; x_wconf 85' lang='lat' dir='ltr'>ad</span> <span class='ocrx_word' id='word_1_66' title='bbox 731 1084 764 1148; x_wconf 81' lang='lat' dir='ltr'>te</span> <span class='ocrx_word' id='word_1_67' title='bbox 786 1084 846 1164; x_wconf 84' lang='lat' dir='ltr'>put</span> <span class='ocrx_word' id='word_1_68' title='bbox 847 1081 912 1164; x_wconf 81' lang='lat' dir='ltr'>avi,</span> <span class='ocrx_word' id='word_1_69' title='bbox 935 1101 1031 1165; x_wconf 86' lang='lat' dir='ltr'>quam</span> <span class='ocrx_word' id='word_1_70' title='bbox 1054 1103 1118 1164; x_wconf 89' lang='lat' dir='ltr'>quo</span> 
     </span>
     <span class='ocr_line' id='line_1_11' title="bbox 160 1167 1120 1257; baseline 0.005 -26"><span class='ocrx_word' id='word_1_71' title='bbox 160 1171 198 1232; x_wconf 84' lang='lat' dir='ltr'>te</span> <span class='ocrx_word' id='word_1_72' title='bbox 219 1167 393 1233; x_wconf 85' lang='lat' dir='ltr'>arbitrarer</span> <span class='ocrx_word' id='word_1_73' title='bbox 419 1169 552 1234; x_wconf 89' lang='lat' dir='ltr'>monitis</span> <span class='ocrx_word' id='word_1_74' title='bbox 579 1173 618 1234; x_wconf 90' lang='lat' dir='ltr'>et</span> <span class='ocrx_word' id='word_1_75' title='bbox 637 1170 817 1257; x_wconf 81' lang='lat' dir='ltr'>praeseptis</span> <span class='ocrx_word' id='word_1_76' title='bbox 845 1190 952 1254; x_wconf 79' lang='lat' dir='ltr'>egere3</span> <span class='ocrx_word' id='word_1_77' title='bbox 977 1168 1120 1236; x_wconf 76' lang='lat' dir='ltr'>sciebam</span> 
     </span>
     <span class='ocr_line' id='line_1_12' title="bbox 160 1256 1119 1342; baseline 0.003 -21"><span class='ocrx_word' id='word_1_78' title='bbox 160 1257 250 1321; x_wconf 87' lang='lat' dir='ltr'>enim</span> <span class='ocrx_word' id='word_1_79' title='bbox 273 1277 313 1322; x_wconf 85' lang='lat' dir='ltr'>ex</span> <span class='ocrx_word' id='word_1_80' title='bbox 333 1256 448 1322; x_wconf 82' lang='lat' dir='ltr'>iisdem</span> <span class='ocrx_word' id='word_1_81' title='bbox 469 1261 503 1322; x_wconf 90' lang='lat' dir='ltr'>te</span> <span class='ocrx_word' id='word_1_82' title='bbox 524 1258 605 1323; x_wconf 80' lang='lat' dir='ltr'>haee</span> <span class='ocrx_word' id='word_1_83' title='bbox 617 1258 751 1324; x_wconf 88' lang='lat' dir='ltr'>haurire</span> <span class='ocrx_word' id='word_1_84' title='bbox 768 1258 924 1342; x_wconf 82' lang='lat' dir='ltr'>fontibus,</span> <span class='ocrx_word' id='word_1_85' title='bbox 945 1257 1119 1342; x_wconf 85' lang='lat' dir='ltr'>exquibus</span> 
     </span>
     <span class='ocr_line' id='line_1_13' title="bbox 160 1344 1119 1430; baseline 0.003 -21"><span class='ocrx_word' id='word_1_86' title='bbox 160 1345 233 1430; x_wconf 85' lang='lat' dir='ltr'>ipse</span> <span class='ocrx_word' id='word_1_87' title='bbox 255 1345 439 1410; x_wconf 77' lang='lat' dir='ltr'>hauseram:</span> <span class='ocrx_word' id='word_1_88' title='bbox 466 1368 565 1430; x_wconf 87' lang='lat' dir='ltr'>quare</span> <span class='ocrx_word' id='word_1_89' title='bbox 592 1346 731 1415; x_wconf 87' lang='lat' dir='ltr'>modum</span> <span class='ocrx_word' id='word_1_90' title='bbox 750 1347 877 1415; x_wconf 76' lang='lat' dir='ltr'>faciam.</span> <span class='ocrx_word' id='word_1_91' title='bbox 925 1344 1026 1416; x_wconf 87' lang='lat' dir='ltr'>Nune</span> <span class='ocrx_word' id='word_1_92' title='bbox 1046 1349 1119 1412; x_wconf 80' lang='lat' dir='ltr'>tan·</span> 
     </span>
     <span class='ocr_line' id='line_1_14' title="bbox 162 1433 1119 1520; baseline 0.002 -23"><span class='ocrx_word' id='word_1_93' title='bbox 162 1437 234 1498; x_wconf 91' lang='lat' dir='ltr'>tum</span> <span class='ocrx_word' id='word_1_94' title='bbox 262 1433 510 1519; x_wconf 79' lang='lat' dir='ltr'>significandum</span> <span class='ocrx_word' id='word_1_95' title='bbox 536 1435 662 1520; x_wconf 81' lang='lat' dir='ltr'>putari,</span> <span class='ocrx_word' id='word_1_96' title='bbox 693 1439 730 1500; x_wconf 89' lang='lat' dir='ltr'>ut</span> <span class='ocrx_word' id='word_1_97' title='bbox 756 1436 864 1520; x_wconf 80' lang='lat' dir='ltr'>potius</span> <span class='ocrx_word' id='word_1_98' title='bbox 891 1455 1033 1510; x_wconf 79' lang='lat' dir='ltr'>amorem</span> <span class='ocrx_word' id='word_1_99' title='bbox 1048 1434 1119 1513; x_wconf 64' lang='lat' dir='ltr'>,nbi</span> 
     </span>
     <span class='ocr_line' id='line_1_15' title="bbox 160 1522 1119 1609; baseline 0 -21"><span class='ocrx_word' id='word_1_100' title='bbox 160 1522 367 1588; x_wconf 73' lang='lat' dir='ltr'>ostenderem</span> <span class='ocrx_word' id='word_1_101' title='bbox 396 1544 518 1606; x_wconf 73' lang='lat' dir='ltr'>mermi,</span> <span class='ocrx_word' id='word_1_102' title='bbox 548 1545 647 1608; x_wconf 85' lang='lat' dir='ltr'>quam</span> <span class='ocrx_word' id='word_1_103' title='bbox 678 1527 875 1593; x_wconf 82' lang='lat' dir='ltr'>ostentarem</span> <span class='ocrx_word' id='word_1_104' title='bbox 905 1523 1119 1609; x_wconf 76' lang='lat' dir='ltr'>prudentiam.</span> 
     </span>
     <span class='ocr_line' id='line_1_16' title="bbox 161 1609 1119 1698; baseline 0.002 -23"><span class='ocrx_word' id='word_1_105' title='bbox 161 1609 301 1696; x_wconf 83' lang='lat' dir='ltr'>Interea,</span> <span class='ocrx_word' id='word_1_106' title='bbox 323 1632 407 1696; x_wconf 86' lang='lat' dir='ltr'>quae</span> <span class='ocrx_word' id='word_1_107' title='bbox 428 1612 470 1677; x_wconf 88' lang='lat' dir='ltr'>ad</span> <span class='ocrx_word' id='word_1_108' title='bbox 488 1611 681 1698; x_wconf 79' lang='lat' dir='ltr'>dignitatern</span> <span class='ocrx_word' id='word_1_109' title='bbox 697 1616 788 1680; x_wconf 85' lang='lat' dir='ltr'>tuem</span> <span class='ocrx_word' id='word_1_110' title='bbox 804 1613 966 1698; x_wconf 81' lang='lat' dir='ltr'>pertinere</span> <span class='ocrx_word' id='word_1_111' title='bbox 983 1613 1119 1691; x_wconf 62' lang='lat' dir='ltr'>athima</span> 
     </span>
     <span class='ocr_line' id='line_1_17' title="bbox 161 1699 806 1787; baseline 0.008 -24"><span class='ocrx_word' id='word_1_112' title='bbox 161 1699 233 1784; x_wconf 89' lang='lat' dir='ltr'>bor,</span> <span class='ocrx_word' id='word_1_113' title='bbox 256 1699 398 1766; x_wconf 85' lang='lat' dir='ltr'>studiose</span> <span class='ocrx_word' id='word_1_114' title='bbox 421 1701 655 1787; x_wconf 79' lang='lat' dir='ltr'>diligenterque</span> <span class='ocrx_word' id='word_1_115' title='bbox 677 1703 806 1771; x_wconf 83' lang='lat' dir='ltr'>eurabo.</span> 
     </span>
    </p>
   </div>
   <div class='ocr_carea' id='block_1_3' title="bbox 610 1909 667 1978">
    <p class='ocr_par' dir='ltr' id='par_1_3' title="bbox 610 1909 667 1978">
     <span class='ocr_line' id='line_1_18' title="bbox 610 1909 667 1978; baseline -0.018 0"><span class='ocrx_word' id='word_1_116' title='bbox 610 1909 667 1978; x_wconf 79' lang='lat' dir='ltr'>IV.</span> 
     </span>
    </p>
   </div>
   <div class='ocr_carea' id='block_1_4' title="bbox 201 2023 1081 2151">
    <p class='ocr_par' dir='ltr' id='par_1_4' title="bbox 201 2023 1081 2151">
     <span class='ocr_line' id='line_1_19' title="bbox 201 2023 1081 2150; baseline 0.002 -72"><span class='ocrx_word' id='word_1_117' title='bbox 201 2023 292 2079; x_wconf 85' lang='lat' dir='ltr'>Ser.</span> <span class='ocrx_word' id='word_1_118' title='bbox 283 2042 313 2080; x_wconf 87' lang='grc' dir='ltr'>ιιι</span> <span class='ocrx_word' id='word_1_119' title='bbox 336 2023 429 2080; x_wconf 68' lang='lat' dir='ltr'>Gallia</span> <span class='ocrx_word' id='word_1_120' title='bbox 457 2025 644 2096; x_wconf 83' lang='lat' dir='ltr'>Transalpina</span> <span class='ocrx_word' id='word_1_121' title='bbox 671 2027 739 2150; x_wconf 54' lang='lat' dir='ltr'>131qu</span> <span class='ocrx_word' id='word_1_122' title='bbox 723 2023 793 2080; x_wconf 85' lang='lat' dir='ltr'>tV</span> <span class='ocrx_word' id='word_1_123' title='bbox 822 2025 887 2079; x_wconf 85' lang='lat' dir='ltr'>Idus</span> <span class='ocrx_word' id='word_1_124' title='bbox 905 2023 1081 2080; x_wconf 75' lang='lat' dir='ltr'>Decembres</span> 
     </span>
     <span class='ocr_line' id='line_1_20' title="bbox 545 2107 807 2151; baseline 0.004 -1"><span class='ocrx_word' id='word_1_125' title='bbox 545 2111 569 2150; x_wconf 82' lang='lat' dir='ltr'>a.</span> <span class='ocrx_word' id='word_1_126' title='bbox 589 2115 615 2150; x_wconf 92' lang='lat' dir='ltr'>u.</span> <span class='ocrx_word' id='word_1_127' title='bbox 637 2113 659 2151; x_wconf 85' lang='lat' dir='ltr'>o</span> <span class='ocrx_word' id='word_1_128' title='bbox 802 2107 807 2114; x_wconf 94' lang='grc'><strong>’</strong></span> 
     </span>
    </p>
   </div>
   <div class='ocr_carea' id='block_1_5' title="bbox 460 2218 823 2276">
    <p class='ocr_par' dir='ltr' id='par_1_5' title="bbox 460 2218 823 2276">
     <span class='ocr_line' id='line_1_21' title="bbox 460 2218 823 2276; baseline 0 0"><span class='ocrx_word' id='word_1_129' title='bbox 460 2219 626 2276; x_wconf 80' lang='lat' dir='ltr'>PLANOUS</span> <span class='ocrx_word' id='word_1_130' title='bbox 645 2218 823 2276; x_wconf 81' lang='lat' dir='ltr'>CICERONI</span> 
     </span>
    </p>
   </div>
   <div class='ocr_carea' id='block_1_6' title="bbox 162 2317 1233 3469">
    <p class='ocr_par' dir='ltr' id='par_1_6' title="bbox 162 2317 1233 3469">
     <span class='ocr_line' id='line_1_22' title="bbox 179 2317 1154 2403; baseline 0.006 -19"><span class='ocrx_word' id='word_1_131' title='bbox 179 2337 193 2346; x_wconf 79' lang='lat'><strong>·</strong></span> <span class='ocrx_word' id='word_1_132' title='bbox 232 2317 440 2385; x_wconf 83' lang='lat' dir='ltr'>Gratissimae</span> <span class='ocrx_word' id='word_1_133' title='bbox 462 2319 543 2385; x_wconf 88' lang='lat' dir='ltr'>mihi</span> <span class='ocrx_word' id='word_1_134' title='bbox 563 2323 640 2386; x_wconf 86' lang='lat' dir='ltr'>tuae</span> <span class='ocrx_word' id='word_1_135' title='bbox 661 2320 789 2386; x_wconf 87' lang='lat' dir='ltr'>litterae</span> <span class='ocrx_word' id='word_1_136' title='bbox 810 2319 956 2403; x_wconf 86' lang='lat' dir='ltr'>fuerunt,</span> <span class='ocrx_word' id='word_1_137' title='bbox 978 2339 1058 2402; x_wconf 83' lang='lat' dir='ltr'>ques</span> <span class='ocrx_word' id='word_1_138' title='bbox 1081 2340 1121 2384; x_wconf 82' lang='lat' dir='ltr'>ex</span> <span class='ocrx_word' id='word_1_139' title='bbox 1140 2339 1154 2390; x_wconf 84' lang='lat'><em>1</em></span> 
     </span>
     <span class='ocr_line' id='line_1_23' title="bbox 162 2405 1120 2493; baseline 0 -19"><span class='ocrx_word' id='word_1_140' title='bbox 162 2405 279 2474; x_wconf 83' lang='lat' dir='ltr'>Furnii</span> <span class='ocrx_word' id='word_1_141' title='bbox 302 2429 448 2474; x_wconf 84' lang='lat' dir='ltr'>sermone</span> <span class='ocrx_word' id='word_1_142' title='bbox 470 2412 503 2473; x_wconf 86' lang='lat' dir='ltr'>te</span> <span class='ocrx_word' id='word_1_143' title='bbox 526 2409 691 2493; x_wconf 77' lang='lat' dir='ltr'>scripsisse</span> <span class='ocrx_word' id='word_1_144' title='bbox 714 2407 935 2475; x_wconf 82' lang='lat' dir='ltr'>animadverti.</span> <span class='ocrx_word' id='word_1_145' title='bbox 970 2405 1043 2493; x_wconf 77' lang='lat' dir='ltr'>Ego</span> <span class='ocrx_word' id='word_1_146' title='bbox 1066 2430 1120 2474; x_wconf 89' lang='lat' dir='ltr'>au-</span> 
     </span>
     <span class='ocr_line' id='line_1_24' title="bbox 163 2495 1120 2582; baseline 0 -20"><span class='ocrx_word' id='word_1_147' title='bbox 163 2502 233 2562; x_wconf 87' lang='lat' dir='ltr'>tem</span> <span class='ocrx_word' id='word_1_148' title='bbox 259 2498 425 2582; x_wconf 85' lang='lat' dir='ltr'>praeteriti</span> <span class='ocrx_word' id='word_1_149' title='bbox 451 2498 606 2582; x_wconf 86' lang='lat' dir='ltr'>temperis</span> <span class='ocrx_word' id='word_1_150' title='bbox 633 2495 873 2564; x_wconf 86' lang='lat' dir='ltr'>exeusationem</span> <span class='ocrx_word' id='word_1_151' title='bbox 895 2497 1008 2581; x_wconf 74' lang='lat' dir='ltr'>adiero,</span> <span class='ocrx_word' id='word_1_152' title='bbox 1034 2497 1120 2582; x_wconf 87' lang='lat' dir='ltr'>quod</span> 
     </span>
     <span class='ocr_line' id='line_1_25' title="bbox 162 2585 1121 2671; baseline 0.001 -20"><span class='ocrx_word' id='word_1_153' title='bbox 162 2591 198 2651; x_wconf 86' lang='lat' dir='ltr'>te</span> <span class='ocrx_word' id='word_1_154' title='bbox 220 2586 402 2671; x_wconf 83' lang='lat' dir='ltr'>profectum</span> <span class='ocrx_word' id='word_1_155' title='bbox 425 2586 588 2651; x_wconf 79' lang='lat' dir='ltr'>audieram</span> <span class='ocrx_word' id='word_1_156' title='bbox 610 2608 670 2650; x_wconf 86' lang='lat' dir='ltr'>nee</span> <span class='ocrx_word' id='word_1_157' title='bbox 692 2587 795 2651; x_wconf 89' lang='lat' dir='ltr'>multo</span> <span class='ocrx_word' id='word_1_158' title='bbox 818 2588 893 2650; x_wconf 87' lang='lat' dir='ltr'>ante</span> <span class='ocrx_word' id='word_1_159' title='bbox 911 2585 1032 2652; x_wconf 80' lang='lat' dir='ltr'>redisse</span> <span class='ocrx_word' id='word_1_160' title='bbox 1055 2586 1121 2671; x_wconf 80' lang='lat' dir='ltr'>seii,</span> 
     </span>
     <span class='ocr_line' id='line_1_26' title="bbox 163 2674 1120 2760; baseline 0 -21"><span class='ocrx_word' id='word_1_161' title='bbox 163 2697 263 2759; x_wconf 88' lang='lat' dir='ltr'>qnam</span> <span class='ocrx_word' id='word_1_162' title='bbox 287 2696 325 2739; x_wconf 84' lang='lat' dir='ltr'>ex</span> <span class='ocrx_word' id='word_1_163' title='bbox 348 2675 484 2760; x_wconf 87' lang='lat' dir='ltr'>epistola</span> <span class='ocrx_word' id='word_1_164' title='bbox 506 2679 564 2739; x_wconf 91' lang='lat' dir='ltr'>tua</span> <span class='ocrx_word' id='word_1_165' title='bbox 586 2675 736 2760; x_wconf 77' lang='lat' dir='ltr'>eognovi3</span> <span class='ocrx_word' id='word_1_166' title='bbox 763 2675 889 2739; x_wconf 77' lang='lat' dir='ltr'>nuilum</span> <span class='ocrx_word' id='word_1_167' title='bbox 916 2675 1003 2739; x_wconf 90' lang='lat' dir='ltr'>enim</span> <span class='ocrx_word' id='word_1_168' title='bbox 1029 2674 1065 2738; x_wconf 90' lang='lat' dir='ltr'>in</span> <span class='ocrx_word' id='word_1_169' title='bbox 1087 2679 1120 2739; x_wconf 85' lang='lat' dir='ltr'>te</span> 
     </span>
     <span class='ocr_line' id='line_1_27' title="bbox 164 2763 1121 2848; baseline -0.001 -20"><span class='ocrx_word' id='word_1_170' title='bbox 164 2763 318 2848; x_wconf 84' lang='lat' dir='ltr'>officium,</span> <span class='ocrx_word' id='word_1_171' title='bbox 340 2785 381 2828; x_wconf 90' lang='lat' dir='ltr'>ne</span> <span class='ocrx_word' id='word_1_172' title='bbox 404 2763 574 2830; x_wconf 88' lang='lat' dir='ltr'>minimum</span> <span class='ocrx_word' id='word_1_173' title='bbox 596 2763 737 2848; x_wconf 86' lang='lat' dir='ltr'>quidem,</span> <span class='ocrx_word' id='word_1_174' title='bbox 765 2763 834 2827; x_wconf 86' lang='lat' dir='ltr'>sine</span> <span class='ocrx_word' id='word_1_175' title='bbox 861 2763 1001 2828; x_wconf 86' lang='lat' dir='ltr'>maxima</span> <span class='ocrx_word' id='word_1_176' title='bbox 1027 2764 1121 2848; x_wconf 82' lang='lat' dir='ltr'>eulpa</span> 
     </span>
     <span class='ocr_line' id='line_1_28' title="bbox 164 2849 1121 2937; baseline 0 -21"><span class='ocrx_word' id='word_1_177' title='bbox 164 2851 277 2917; x_wconf 85' lang='lat' dir='ltr'>videor</span> <span class='ocrx_word' id='word_1_178' title='bbox 294 2873 389 2936; x_wconf 88' lang='lat' dir='ltr'>posse</span> <span class='ocrx_word' id='word_1_179' title='bbox 407 2851 591 2937; x_wconf 86' lang='lat' dir='ltr'>praeterire,</span> <span class='ocrx_word' id='word_1_180' title='bbox 607 2852 643 2917; x_wconf 91' lang='lat' dir='ltr'>in</span> <span class='ocrx_word' id='word_1_181' title='bbox 662 2872 725 2936; x_wconf 90' lang='lat' dir='ltr'>quo</span> <span class='ocrx_word' id='word_1_182' title='bbox 744 2852 865 2916; x_wconf 88' lang='lat' dir='ltr'>tuendo</span> <span class='ocrx_word' id='word_1_183' title='bbox 883 2849 987 2917; x_wconf 86' lang='lat' dir='ltr'>habeo</span> <span class='ocrx_word' id='word_1_184' title='bbox 1006 2872 1121 2916; x_wconf 84' lang='lat' dir='ltr'>causas</span> 
     </span>
     <span class='ocr_line' id='line_1_29' title="bbox 164 2939 1122 3026; baseline 0.001 -22"><span class='ocrx_word' id='word_1_185' title='bbox 164 2941 321 3024; x_wconf 87' lang='lat' dir='ltr'>plurimas</span> <span class='ocrx_word' id='word_1_186' title='bbox 352 2941 404 3007; x_wconf 82' lang='lat' dir='ltr'>uel</span> <span class='ocrx_word' id='word_1_187' title='bbox 435 2944 589 3026; x_wconf 87' lang='lat' dir='ltr'>paternae</span> <span class='ocrx_word' id='word_1_188' title='bbox 620 2939 866 3005; x_wconf 79' lang='lat' dir='ltr'>necessitudinis</span> <span class='ocrx_word' id='word_1_189' title='bbox 897 2940 950 3005; x_wconf 82' lang='lat' dir='ltr'>vel</span> <span class='ocrx_word' id='word_1_190' title='bbox 980 2961 1070 3005; x_wconf 87' lang='lat' dir='ltr'>meae</span> <span class='ocrx_word' id='word_1_191' title='bbox 1102 2962 1122 3005; x_wconf 89' lang='lat' dir='ltr'>a</span> 
     </span>
     <span class='ocr_line' id='line_1_30' title="bbox 163 3028 1121 3114; baseline -0.001 -21"><span class='ocrx_word' id='word_1_192' title='bbox 163 3028 305 3114; x_wconf 83' lang='lat' dir='ltr'>pueritia</span> <span class='ocrx_word' id='word_1_193' title='bbox 323 3029 546 3094; x_wconf 84' lang='lat' dir='ltr'>observantiae</span> <span class='ocrx_word' id='word_1_194' title='bbox 564 3029 615 3094; x_wconf 85' lang='lat' dir='ltr'>vel</span> <span class='ocrx_word' id='word_1_195' title='bbox 636 3029 687 3093; x_wconf 90' lang='lat' dir='ltr'>tui</span> <span class='ocrx_word' id='word_1_196' title='bbox 704 3037 781 3114; x_wconf 82' lang='lat' dir='ltr'>erga</span> <span class='ocrx_word' id='word_1_197' title='bbox 799 3050 851 3096; x_wconf 90' lang='lat' dir='ltr'>me</span> <span class='ocrx_word' id='word_1_198' title='bbox 871 3029 976 3097; x_wconf 89' lang='lat' dir='ltr'>mutui</span> <span class='ocrx_word' id='word_1_199' title='bbox 994 3028 1121 3094; x_wconf 87' lang='lat' dir='ltr'>amoris</span> 
     </span>
     <span class='ocr_line' id='line_1_31' title="bbox 164 3115 1155 3219; baseline 0.005 -38"><span class='ocrx_word' id='word_1_200' title='bbox 164 3115 285 3201; x_wconf 83' lang='lat' dir='ltr'>Quare,</span> <span class='ocrx_word' id='word_1_201' title='bbox 307 3117 352 3182; x_wconf 88' lang='lat' dir='ltr'>mi</span> <span class='ocrx_word' id='word_1_202' title='bbox 364 3116 501 3204; x_wconf 81' lang='lat' dir='ltr'>Cieero,</span> <span class='ocrx_word' id='word_1_203' title='bbox 528 3117 615 3202; x_wconf 87' lang='lat' dir='ltr'>quod</span> <span class='ocrx_word' id='word_1_204' title='bbox 636 3139 709 3181; x_wconf 90' lang='lat' dir='ltr'>mea</span> <span class='ocrx_word' id='word_1_205' title='bbox 733 3120 855 3219; x_wconf 71' lang='lat' dir='ltr'>tueque</span> <span class='ocrx_word' id='word_1_206' title='bbox 876 3118 999 3206; x_wconf 88' lang='lat' dir='ltr'>patitur</span> <span class='ocrx_word' id='word_1_207' title='bbox 1022 3119 1121 3200; x_wconf 86' lang='lat' dir='ltr'>aetas,</span> <span class='ocrx_word' id='word_1_208' title='bbox 1139 3136 1155 3186; x_wconf 68' lang='grc' dir='ltr'>ι</span> 
     </span>
     <span class='ocr_line' id='line_1_32' title="bbox 163 3166 1233 3291; baseline 0.001 -21"><span class='ocrx_word' id='word_1_209' title='bbox 163 3206 322 3290; x_wconf 83' lang='lat' dir='ltr'>persuade</span> <span class='ocrx_word' id='word_1_210' title='bbox 344 3195 405 3270; x_wconf 87' lang='lat' dir='ltr'>tibi</span> <span class='ocrx_word' id='word_1_211' title='bbox 436 3210 468 3272; x_wconf 87' lang='lat' dir='ltr'>te</span> <span class='ocrx_word' id='word_1_212' title='bbox 499 3228 602 3272; x_wconf 86' lang='lat' dir='ltr'>unum</span> <span class='ocrx_word' id='word_1_213' title='bbox 629 3227 712 3290; x_wconf 87' lang='lat' dir='ltr'>esse,</span> <span class='ocrx_word' id='word_1_214' title='bbox 742 3206 778 3270; x_wconf 90' lang='lat' dir='ltr'>in</span> <span class='ocrx_word' id='word_1_215' title='bbox 805 3227 871 3290; x_wconf 89' lang='lat' dir='ltr'>quo</span> <span class='ocrx_word' id='word_1_216' title='bbox 897 3223 958 3291; x_wconf 81' lang='lat' dir='ltr'>ego</span> <span class='ocrx_word' id='word_1_217' title='bbox 986 3166 1121 3278; x_wconf 78' lang='lat' dir='ltr'>colendd</span> <span class='ocrx_word' id='word_1_218' title='bbox 1230 3265 1233 3271; x_wconf 91' lang='grc'><em>,</em></span> 
     </span>
     <span class='ocr_line' id='line_1_33' title="bbox 162 3256 1120 3378; baseline -0.004 -19"><span class='ocrx_word' id='word_1_219' title='bbox 162 3316 208 3378; x_wconf 91' lang='lat' dir='ltr'>pa</span> <span class='ocrx_word' id='word_1_220' title='bbox 208 3295 304 3360; x_wconf 87' lang='lat' dir='ltr'>triam</span> <span class='ocrx_word' id='word_1_221' title='bbox 326 3294 407 3360; x_wconf 92' lang='lat' dir='ltr'>mihi</span> <span class='ocrx_word' id='word_1_222' title='bbox 430 3293 651 3360; x_wconf 87' lang='lat' dir='ltr'>constituerim</span> <span class='ocrx_word' id='word_1_223' title='bbox 672 3256 791 3359; x_wconf 73' lang='lat' dir='ltr'>ednetit</span> <span class='ocrx_word' id='word_1_224' title='bbox 792 3297 887 3358; x_wconf 85' lang='lat' dir='ltr'>atem.</span> <span class='ocrx_word' id='word_1_225' title='bbox 924 3292 1071 3358; x_wconf 88' lang='lat' dir='ltr'>Omnia</span> <span class='ocrx_word' id='word_1_226' title='bbox 1061 3292 1120 3376; x_wconf 82' lang='lat' dir='ltr'>rgi-</span> 
     </span>
     <span class='ocr_line' id='line_1_34' title="bbox 164 3381 1122 3469; baseline -0.002 -22"><span class='ocrx_word' id='word_1_227' title='bbox 164 3385 255 3448; x_wconf 83' lang='lat' dir='ltr'>turt</span> <span class='ocrx_word' id='word_1_228' title='bbox 240 3387 297 3450; x_wconf 91' lang='lat' dir='ltr'>tua</span> <span class='ocrx_word' id='word_1_229' title='bbox 320 3383 456 3449; x_wconf 85' lang='lat' dir='ltr'>consilia</span> <span class='ocrx_word' id='word_1_230' title='bbox 477 3384 558 3448; x_wconf 88' lang='lat' dir='ltr'>mihi</span> <span class='ocrx_word' id='word_1_231' title='bbox 579 3403 648 3449; x_wconf 90' lang='lat' dir='ltr'>non</span> <span class='ocrx_word' id='word_1_232' title='bbox 669 3383 774 3469; x_wconf 85' lang='lat' dir='ltr'>magis</span> <span class='ocrx_word' id='word_1_233' title='bbox 804 3381 993 3466; x_wconf 87' lang='lat' dir='ltr'>prudentiae</span> <span class='ocrx_word' id='word_1_234' title='bbox 1016 3382 1122 3468; x_wconf 85' lang='lat' dir='ltr'>plena,</span> 
     </span>
    </p>
   </div>
   <div class='ocr_carea' id='block_1_7' title="bbox 236 3573 886 3645">
    <p class='ocr_par' dir='ltr' id='par_1_7' title="bbox 236 3573 886 3645">
     <span class='ocr_line' id='line_1_35' title="bbox 236 3573 886 3645; baseline -0.002 -16"><span class='ocrx_word' id='word_1_235' title='bbox 236 3573 287 3645; x_wconf 80' lang='lat' dir='ltr'>Ep.</span> <span class='ocrx_word' id='word_1_236' title='bbox 307 3581 372 3644; x_wconf 76' lang='lat'>³,.3</span> <span class='ocrx_word' id='word_1_237' title='bbox 407 3573 886 3645; x_wconf 68' lang='lat' dir='ltr'>diurnata(1a).dev.M.‚vulgo.</span> 
     </span>
    </p>
   </div>
   <div class='ocr_carea' id='block_1_8' title="bbox 0 0 1348 3984">
    <p class='ocr_par' dir='ltr' id='par_1_8' title="bbox 0 0 1348 3984">
     <span class='ocr_line' id='line_1_36' title="bbox 0 0 1348 3984; baseline 0 0"><span class='ocrx_word' id='word_1_238' title='bbox 0 0 1348 3984; x_wconf 95' lang='lat' dir='ltr'> </span> 
     </span>
    </p>
   </div>
  </div>
 </body>
</html>
