2556 3986
367 229 629 288 EPISTOLARUM
647 229 721 289 XVI.
741 241 781 290 12.
987 235 1052 300 543

97 380 145 444 ire
168 381 334 465 coepisset,
357 402 398 444 ne
422 379 542 446 Gallias
565 382 735 466 amitteret,
760 404 840 466 quas
863 383 974 447 ambas
996 383 1052 447 ha·

97 469 154 532 bet
175 468 412 532 inimicissimas
438 473 566 552 praeter
589 469 850 555 Transpadanos,
876 493 915 535 ex
936 470 1052 555 Hispa-

96 557 216 640 niaque
244 577 299 620 sex
325 556 469 640 legiones
498 561 530 621 et
560 579 680 642 magna
707 559 825 624 auxilia
850 558 988 623 Afranio
1020 563 1053 623 εὴ

96 643 223 708 Petreio
247 644 381 709 ducibus
403 644 502 709 habet
525 667 545 709 a
565 648 671 731 tergo:
693 646 832 731 videtur,
855 647 883 711 si
903 646 1052 731 insaniet,

96 752 192 815 posse
229 733 380 816 opprimi,
416 733 512 797 modo
548 737 586 797 ut
616 733 695 798 urbe
727 735 824 799 salva.
877 733 1052 800 Maximam

97 822 206 885 autem
227 821 359 904 plagam
378 821 509 904 accepit,
532 821 618 905 quod
635 823 672 904 is,
695 823 750 906 qui
768 843 926 887 summam
944 827 1052 888 aucto·

95 908 226 972 ritatem
249 907 284 971 in
307 908 393 972 illius
417 909 557 973 exoratu
579 908 731 993 habebat,
753 910 790 974 Τ.
808 909 979 994 Labienus,
1002 933 1051 976 so·

96 997 164 1060 cius
188 996 316 1060 sceleris
339 1017 408 1060 esse
431 997 548 1062 noluit:
571 998 701 1081 reliquit
721 999 814 1062 illum
833 1002 865 1062 et
882 999 1052 1064 nobiscum

95 1088 148 1162 est,
171 1085 327 1168 multique
355 1085 441 1148 idem
462 1084 580 1149 facturi
603 1106 671 1150 esse
694 1085 853 1150 dicuntur.
897 1085 970 1171 Ego
998 1087 1051 1150 ad·
1069 1101 1099 1168 6,

93 1171 161 1235 huc
192 1193 268 1236 orae
299 1172 480 1236 maritimae
512 1194 662 1257 praesum
693 1196 713 1238 a
744 1172 894 1238 Formiis:
926 1175 1051 1239 nullum

94 1259 199 1324 maius
212 1260 381 1345 negotium
395 1261 555 1345 suscipere
569 1263 666 1346 volui,
685 1283 748 1345 quo
767 1262 840 1345 plus
855 1262 940 1346 apud
960 1263 1051 1326 illum

94 1369 185 1412 meae
207 1348 333 1412 litterae
357 1348 659 1433 cohortationesque
687 1350 728 1414 ad
755 1371 867 1434 pacem
893 1350 1051 1433 valerent3

95 1436 147 1499 sin
174 1440 282 1501 autem
313 1436 375 1501 erit
397 1436 530 1521 bellum,
557 1437 649 1502 video
677 1459 728 1502 me
756 1439 868 1502 castris
896 1440 929 1502 et
956 1439 1050 1503 certis

93 1524 277 1608 legionibus
299 1523 530 1608 praefuturum.
574 1523 689 1590 Habeo
717 1526 814 1590 etiam
840 1527 931 1591 illam
953 1526 1050 1590 mole·

94 1612 204 1696 stiam,
231 1613 318 1696 quod
344 1611 514 1678 Dolabella
545 1618 656 1678 noster
683 1615 768 1698 apud
795 1613 965 1679 Caesarem
992 1618 1050 1679 est.

92 1698 184 1763 Haec
206 1700 268 1764 tibi
290 1703 370 1763 nota
392 1721 461 1765 esse
482 1701 581 1784 volui,
603 1723 685 1785 quae
709 1723 785 1766 cave
806 1723 848 1766 ne
871 1705 903 1766 tc
926 1706 1049 1786 portur·
1123 1705 1128 1712 '

93 1787 175 1850 bont
197 1789 230 1849 et
251 1787 429 1870 impediant
449 1789 667 1852 valetudinem
684 1792 783 1853 tuam.
819 1788 892 1874 Ego
910 1788 950 1854 A.
969 1790 1086 1855 Ver-c

93 1874 176 1956 roni,
199 1894 294 1956 quem
318 1896 416 1957 quum
439 1875 696 1938 amantissimum
718 1877 781 1938 mei
804 1877 957 1961 cognovi,
979 1881 1050 1942 tum

94 1962 193 2025 ctiam
216 1961 309 2025 valde
335 1962 385 2025 tui
413 1962 606 2046 studiosum,
634 1962 876 2047 diligentissime
903 1966 936 2028 te
965 1985 1049 2028 com-

93 2049 257 2132 mendavi,
284 2052 323 2112 ut
349 2052 383 2113 et
410 2049 603 2114 valetudinis
630 2053 705 2113 tuae
732 2051 890 2115 rationem
916 2049 1051 2116 liaberet

95 2141 128 2202 et
149 2137 368 2222 navigationis
396 2139 429 2201 et
450 2139 555 2200 totum
577 2140 610 2200 te
633 2138 808 2221 susciperet
835 2160 872 2202 ao
893 2142 1049 2204 tueretur:

95 2246 191 2308 quem
215 2225 324 2288 omnia
341 2225 503 2290 facturum
522 2225 662 2307 confid03
684 2225 805 2310 recepit
827 2227 913 2290 enim
935 2231 968 2291 et
986 2250 1050 2292 me·

95 2333 168 2376 cum
191 2313 318 2377 locutus
341 2316 391 2377 est
414 2313 609 2377 suavissime.
653 2313 712 2397 Tu,
735 2314 888 2397 quoniam
910 2336 948 2380 eo
970 2318 1049 2379 tem-

93 2422 172 2484 pore
204 2421 330 2465 mecum
362 2422 430 2466 esse
462 2422 529 2465 non
555 2401 708 2485 potuisti,
736 2423 799 2485 quo
829 2423 890 2487 ego
912 2404 1049 2467 maxime

94 2510 225 2572 operam
248 2491 282 2552 et
297 2489 485 2554 fidelitatem
504 2489 681 2554 desideravi
698 2493 798 2573 tuam,
821 2511 897 2555 cave
915 2491 1049 2556 festines

95 2580 152 2640 aut
178 2578 374 2662 committas,
404 2581 442 2642 ut
473 2581 530 2642 aut
561 2599 658 2663 aeger
689 2581 746 2642 aut
770 2579 875 2643 hieme
902 2581 1049 2665 naviges:

95 2683 272 2747 numquam
295 2687 366 2730 sero
388 2668 421 2730 te
444 2666 569 2730 venisse
588 2667 720 2751 putabo,
743 2666 770 2730 si
789 2668 896 2731 salvus
913 2669 1048 2732 veneris.

94 2751 211 2816 Adhuc
242 2755 405 2818 neminem
435 2754 591 2836 videram,
624 2754 678 2836 qui
708 2757 741 2818 te
772 2757 886 2837 postea
917 2754 1050 2820 vidisset

95 2860 192 2923 quam
210 2839 253 2904 M.
273 2841 436 2925 Volusius,
458 2863 478 2904 a
500 2862 564 2924 quo
585 2844 658 2904 tuas
675 2841 800 2905 litterar
819 2843 940 2927 accepi:
964 2843 1049 2926 quod

93 2949 161 2993 non
185 2928 339 3013 mirabar,
362 2949 466 3012 neque
489 2929 575 2992 enim
597 2950 685 2993 meas
707 2932 787 3013 puto
810 2929 851 2993 ad
873 2932 906 2994 te
924 2931 1049 2996 litteras
1114 2995 1115 2998 ,

93 3019 187 3080 tanta
209 3016 314 3081 hieme
337 3017 481 3101 perferri.
517 3015 579 3081 Sed
602 3016 643 3080 da
666 3038 806 3100 operam,
827 3020 864 3081 ut
881 3019 989 3083 valcas
1008 3022 1049 3102 et,

95 3105 123 3168 si
136 3104 267 3188 valebis,
286 3127 386 3188 quum
403 3107 490 3168 recte
508 3104 656 3189 navigari
673 3107 801 3188 poterit,
818 3108 888 3168 turm
906 3107 1048 3190 naviges.

94 3189 206 3257 Cicero
234 3213 324 3256 meus
350 3193 386 3256 in
407 3191 581 3258 Formiano
605 3195 687 3277 erat,
714 3193 865 3258 Terentia
888 3197 920 3257 et
943 3193 1049 3258 Tullia

97 3279 230 3346 Romae.
271 3277 370 3365 Oura,
391 3284 429 3346 ut
450 3280 567 3345 valeas.
606 3298 667 3347 1111.
692 3280 732 3346 K.
754 3279 906 3344 Februar.
929 3276 1048 3364 capua

92 3559 130 3613 K]
148 3488 314 3613 tEp.1312,4.
342 3487 700 3558 anobiaowmertbulgo).
736 3485 892 3542 estomM.
929 3491 955 3542 et
970 3492 1047 3543 ecta

131 3575 195 3628 oa,
237 3599 243 3612 .
