2556 3986
210 230 278 297 524
492 229 530 284 Μ.
549 227 673 283 TULLII
691 226 882 284 CICERONIS

210 397 294 458 ram3
317 374 457 440 sednon
474 393 588 460 urgeo3
610 373 774 458 longiores
792 372 880 438 enim
900 373 1101 458 exspectabo
1125 375 1176 439 vel
1253 363 1254 394 ³

211 465 319 550 potius
342 463 477 550 exigam.
520 460 609 548 Ego,
635 461 664 526 si
690 482 817 545 semper
841 461 1008 546 haberem,
1040 462 1097 527 eui
1121 462 1176 527 da·

211 575 293 639 rem,
322 553 375 617 vel
405 554 515 616 ternas
546 551 582 615 in
607 550 690 615 bora
716 549 840 634 darem3
869 549 909 615 fit
939 550 1027 617 enim
1060 552 1176 617 nescio

211 643 280 727 qui,
308 643 346 706 ut
368 639 461 725 quasi
487 660 594 705 eoram
624 639 735 706 adesse
762 639 903 723 videare,
934 639 1177 724 quumscribo
1254 633 1255 652 ³

212 730 332 815 aliquid
360 729 401 794 ad
427 732 475 812 te,
505 749 610 811 neque
633 727 667 792 id
696 720 767 792 κατ’
794 723 943 793 εἰδώλων
969 731 1176 812 φαντασίας,

210 823 249 884 ut
271 819 383 884 dicunt
404 816 453 882 tui
476 816 570 882 amici
592 816 683 900 nori,
709 815 765 900 qui
786 817 906 899 putant
932 816 1031 881 etiam
1055 817 1176 883 διανο-

211 901 326 990 ητικὰς
347 907 532 988 φαντασίας
554 904 688 989 spectris
711 901 856 970 Catianis
879 905 1011 970 excitari
1024 941 1069 952 -
1084 927 1176 991 nam,
1255 929 1256 972 ι

210 1017 253 1061 ne
275 998 309 1060 te
331 994 446 1079 fugiet,
468 991 580 1059 (latius
602 991 747 1077 Insuber,
769 991 962 1078 Epicureus,
985 993 1041 1078 qui
1065 1014 1177 1079 nuper

193 1087 263 1150 ¹est
284 1085 444 1166 mortuus,
472 1103 554 1166 quae
575 1081 630 1148 ille
653 1079 839 1167 Gargettius
862 1085 896 1147 et
916 1083 982 1147 iam
1004 1085 1085 1146 ante
1109 1083 1175 1148 De

177 1183 193 1232 e
211 1173 366 1239 mocritus
383 1165 517 1253 ε’ἴᾶωλα,
533 1170 587 1236 hic
605 1173 732 1255 spectra
749 1171 897 1236 nominat
910 1193 967 1254 -3
987 1170 1039 1235 his
1059 1175 1176 1236 autem

212 1261 346 1346 spectris
376 1260 503 1326 etiamsi
533 1259 618 1324 oculi
640 1261 777 1344 possent
806 1259 910 1343 feriri,
941 1257 1040 1344 quod,
1069 1281 1177 1344 quum
1256 1335 1257 1338 Ἴ

210 1351 304 1434 velis,
329 1349 402 1434 ipsa
431 1351 617 1431 aecurrunt,
644 1347 771 1412 enimus
793 1347 849 1432 qui
870 1349 987 1433 possit,
1014 1367 1078 1434 ego
1101 1371 1177 1414 non

211 1438 317 1503 video:
341 1438 456 1501 doceas
473 1440 511 1500 tu
528 1458 580 1502 me
599 1436 770 1520 oportebit,
788 1458 887 1520 quum
905 1437 1013 1502 salvus
1030 1439 1177 1522 veneris,

211 1526 247 1590 in
264 1545 377 1590 meane
395 1527 555 1609 potestate
578 1524 621 1589 sit
638 1527 799 1610 spectrum
818 1528 920 1608 tuum,
942 1529 988 1610 ut,
1009 1525 1108 1590 simul
1135 1549 1176 1592 ae

210 1613 292 1680 mihi
323 1613 501 1678 collibitum
528 1611 571 1677 sit
597 1612 636 1678 de
663 1616 696 1678 te
720 1614 875 1714 cogitare,
901 1613 981 1715 illud
1010 1620 1177 1699 accurrat,

210 1701 1175 1876 seclusarum

175 1880 352 1946 eeldolov
378 1878 459 1944 mihi
481 1878 646 1944 advolabit
672 1877 713 1942 ad
735 1878 870 1963 pectus?
921 1877 983 1944 Sed
1006 1879 1088 1944 baec
1110 1903 1172 1965 po·
1258 1877 1259 1890 ¹

210 1968 341 2050 sterius3
362 1970 454 2032 teuto
477 1967 564 2032 enim
579 1970 622 2050 te,
645 1987 708 2050 quo
727 1966 836 2032 auimo
854 1967 1005 2052 accipies:
1028 1968 1056 2032 si
1080 1969 1172 2034 enim

211 2056 453 2122 stomachabere
472 2059 505 2120 et
521 2056 655 2120 moleste
673 2055 767 2140 teres,
784 2057 878 2140 plura
895 2055 1037 2121 dicemus
1055 2061 1170 2142 postu-

210 2145 425 2230 labimusque,
451 2166 491 2209 ex
522 2166 586 2228 qua
613 2140 737 2228 αἱρέσει
767 2161 804 2208 vr
834 2161 1024 2211 somnusve
1056 2163 1169 2210 Anna-

210 2251 263 2300 rls
287 2234 427 2300 deiectus
451 2233 508 2318 sis,
533 2233 568 2297 iu
596 2253 668 2298 eam
693 2233 871 2298 restituere.
916 2232 955 2297 In
982 2233 1045 2298 hoc
1067 2234 1168 2299 inter·

210 2322 296 2388 dicto
319 2344 387 2388 uon
410 2322 493 2386 solet
514 2320 589 2385 addi
615 2339 652 2385 nr
678 2337 749 2387 noc
771 2338 880 2405 ΔΝΝος
906 2341 1019 2407 quare,
1046 2323 1074 2387 si
1100 2323 1167 2387 iem

210 2410 378 2477 biennium
399 2414 457 2474 aut
478 2409 654 2474 triennium
677 2412 735 2494 est,
757 2431 856 2494 quum
877 2410 991 2474 virtuti
1012 2411 1166 2476 nundum
1258 2411 1260 2500 l

209 2498 362 2564 remisisti
389 2497 547 2561 delenitus
573 2497 731 2563 illecebris
758 2498 949 2583 voluptatis,
973 2499 1009 2562 in
1035 2499 1166 2584 integro
1259 2503 1260 2556 l

208 2607 261 2651 res
294 2584 389 2650 nobis
421 2585 494 2648 erit:
531 2605 726 2669 quamquam
758 2587 887 2670 quicum
917 2587 1056 2672 loquor?
1092 2609 1164 2652 oum

209 2695 276 2740 uno
297 2673 475 2740 fortissimo
497 2672 581 2758 uiro,
610 2674 678 2759 qui,
709 2679 920 2761 posteaquam
955 2675 1064 2741 forum
1092 2676 1164 2740 atti-

210 2762 300 2848 gisti,
335 2763 418 2828 nihil
453 2762 560 2828 fecisti
594 2762 660 2826 nisi
689 2763 912 2845 plenissimum
948 2764 1164 2849 amplissimae

210 2851 387 2937 dignitatis.
421 2849 463 2915 In
484 2851 549 2915 ista
569 2850 642 2935 ipso
664 2848 789 2934 αἱρέσει
811 2855 920 2917 metuo
942 2873 984 2917 ne
1001 2854 1075 2937 plus
1093 2874 1163 2917 ner·

208 2961 324 3004 vorum
353 2939 409 3022 sit,
440 2958 537 3021 quam
569 2959 630 3024 ego
661 2943 824 3024 putaram,
856 2939 1002 3006 simodo
1030 2962 1101 3005 eam
1127 2943 1162 3006 tu

208 3027 336 3113 probas.
379 3023 461 3111 „Qui
486 3026 518 3092 id
550 3026 609 3091 tibi
634 3024 671 3092 in
699 3031 841 3092 mentem
870 3027 1000 3093 venit?“
1030 3029 1163 3114 inquies.

245 3219 299 3274 eris
315 3217 353 3272 ab
369 3216 407 3273 II.
443 3234 527 3288 qemun
543 3217 569 3273 b.
642 3223 706 3274 onte
722 3223 748 3274 tc
765 3220 928 3290 oppresserit
944 3220 987 3274 cd.
1001 3220 1162 3288 Mediol.‚B.

255 3295 319 3357 .1e,
334 3295 357 3344 1.
394 3290 512 3344 esmtari
529 3319 563 3329 —
581 3305 647 3344 ναν
726 3291 852 3344 nominat
869 3309 918 3356 -;
935 3291 979 3345 tis
997 3291 1072 3361 (W.).
1108 3308 1162 3345 esc.

239 3376 284 3414 am
359 3375 430 3414 nom.
466 3361 523 3414 Hie
541 3359 635 3430 vulgo.
671 3365 697 3412 2.
724 3361 798 3414 oculi
810 3365 929 3429 possunt
946 3361 1022 3429 (W.).
1063 3377 1086 3417 o.
1101 3377 1163 3431 pos·

207 3434 267 3482 seat
284 3429 330 3496 M„
348 3429 443 3500 vulgo.
463 3459 497 3469 -
515 3430 610 3496 serim,
627 3429 712 3497 qaod,
735 3446 818 3498 quum
835 3432 914 3497 velis,
935 3432 998 3498 ipsa
1017 3437 1164 3487 acconem

209 3495 261 3566 (Iu,
279 3499 343 3567 W.).
379 3501 415 3567 s„
432 3502 452 3565 ψ
470 3499 542 3567 qaod
558 3499 625 3552 celis
641 3500 705 3564 ipso
722 3505 839 3554 ααννααε
856 3500 902 3568 M.,
921 3500 966 3554 W.
986 3501 1062 3572 olim,
1080 3501 1110 3556 B.
1128 3531 1162 3542 -

209 3573 338 3623 occurrat
352 3569 413 3638 (In).
450 3572 576 3622 occurrat
593 3567 659 3620 ΜΒ.
