2578 3982
127 212 130 327 ζ
222 232 289 296 604
504 228 542 284 n.
561 228 685 284 ronan
702 225 894 282 oroaaorns

607 477 681 543 vn.
712 473 792 564 [m]

336 591 395 650 flor.
423 591 528 647 Romae
554 607 649 645 mense
677 589 828 644 Februario
856 603 882 644 ι
904 604 933 641 u.
956 603 980 641 e.
1004 591 1067 642 699.

374 711 520 772 MARCUS
540 712 677 779 QUINTO
696 711 833 766 FRATRI
852 709 1034 766 SALUTEM.

88 857 99 882 ·
195 831 208 874 ¹
289 817 488 883 Placitumm
515 813 575 878 tibi
602 833 671 877 esse
698 812 817 876 librum
845 832 953 876 meum
981 810 1195 894 suspicabar:

223 912 292 972 tam
314 904 407 970 valde
434 901 606 987 placuisse,
636 921 732 984 quam
762 900 889 982 scribis,
920 898 1013 964 valde
1045 899 1195 983 gaudeo.
1273 899 1274 980 j

225 994 319 1072 Quod
341 1014 392 1058 me
415 991 569 1056 admones
592 988 631 1052 de
654 991 766 1052 nostra
788 988 909 1052 Urania
933 986 1130 1070 suadesque,
1154 992 1196 1052 ut

224 1081 424 1148 meminerim
451 1078 538 1143 Iovis
566 1076 759 1160 orationem,
788 1097 870 1160 quae
898 1077 948 1140 est
974 1075 1009 1138 in
1037 1078 1193 1140 extremo

223 1172 281 1236 illo
303 1171 396 1253 libro,
418 1187 478 1252 ego
501 1187 577 1230 vero
600 1165 732 1228 memini
755 1168 788 1229 et
809 1164 866 1228 illa
884 1163 993 1227 omnia
1010 1163 1095 1226 mihi
1120 1185 1193 1227 ma-

197 1279 212 1321 a
226 1259 277 1344 gis
291 1257 405 1342 scripsi
422 1277 519 1339 quam
536 1253 660 1318 ceteris.
696 1251 759 1317 Sed
776 1256 888 1316 tamen
901 1250 1066 1334 postridie,
1084 1273 1192 1334 quam

224 1352 262 1412 tu
285 1368 319 1411 es
341 1345 515 1430 profectus,
536 1341 639 1406 multa
660 1344 755 1405 nocte
778 1362 852 1404 oum
874 1339 1018 1404 Vibullio
1041 1340 1123 1403 veni
1148 1341 1192 1404 ad

225 1434 424 1517 Pompeium,
445 1451 607 1515 quumque
630 1449 691 1514 ego
714 1429 852 1513 egissem
874 1428 913 1492 de
935 1426 1007 1492 istis
1029 1429 1191 1510 operibus

226 1527 322 1604 atque
344 1518 622 1617 inscriptionibus,
648 1539 706 1601 per
732 1516 812 1580 mihi
833 1516 974 1600 benigne
1000 1516 1190 1617 respondit:

225 1627 491 1779 littori?
511 1602 1190 1776 {ltinttiltztstlttltl

226 1785 390 1851 consulem
421 1805 459 1848 ex
491 1785 605 1848 senatu
628 1781 759 1845 domum
789 1780 914 1864 reduxi,
945 1782 1089 1864 suscepit
1117 1804 1190 1845 rem

226 1875 368 1957 dixitque
396 1893 479 1955 esse,
512 1869 597 1954 quod
625 1867 755 1934 Clodius
784 1868 847 1934 hoo
877 1873 1022 1952 tempore
1050 1876 1190 1954 cuperet

225 1985 284 2047 per
310 1983 344 2027 se
376 1964 409 2026 et
439 1981 497 2044 per
518 1957 708 2041 Pompeium
740 1958 904 2041 consequi3
935 1960 1050 2040 putare
1079 1979 1131 2040 se,
1161 1960 1189 2022 si

226 2071 286 2136 ego
315 2070 388 2114 eum
414 2069 483 2113 non
513 2045 714 2130 impedirem,
744 2067 839 2129 posse
870 2067 922 2110 me
950 2045 1086 2129 adipisci
1114 2047 1188 2110 sine

227 2138 447 2220 contentione,
474 2134 560 2219 quod
581 2135 710 2215 vellem3
735 2138 841 2198 totum
864 2134 893 2198 ei
915 2133 1086 2218 negotium
1112 2157 1188 2217 per·

225 2227 299 2291 misi
325 2246 439 2309 meque
470 2224 506 2288 in
537 2223 605 2287 eius
633 2225 793 2306 potestate
821 2221 885 2286 dixi
916 2222 1000 2304 fore3
1032 2222 1189 2286 interfuit

225 2315 301 2379 huic
323 2312 464 2378 sermoni
485 2310 521 2375 P.
540 2309 675 2376 Crassus
697 2310 892 2392 adolescens,
914 2310 1028 2394 nostri,
1049 2312 1089 2373 ut
1111 2312 1188 2395 soie,

226 2402 489 2467 studiosissimus.
533 2397 618 2462 Illud
650 2402 770 2481 autem,
801 2398 887 2482 quod
919 2397 1008 2482 cupit
1040 2395 1189 2482 Clodius,

226 2493 277 2554 est
305 2488 426 2572 legatio
458 2486 566 2569 aliqua
588 2521 631 2533 -
655 2486 683 2550 si
713 2486 820 2551 minus
847 2508 905 2570 per
932 2489 1096 2570 senatum,
1126 2509 1188 2570 per

225 2576 382 2661 populum
405 2609 446 2620 -
470 2574 572 2638 libera
594 2578 652 2638 aut
672 2573 865 2658 Byzantium
888 2577 945 2639 aut
968 2576 1012 2638 ad
1032 2573 1187 2659 Brogita-

224 2687 297 2730 rum
317 2666 374 2728 aut
391 2667 575 2746 utrumque:
597 2663 694 2746 plena
711 2684 764 2727 res
776 2683 995 2745 nummorum3
1018 2663 1107 2746 quod
1120 2685 1187 2748 ego

224 2776 292 2819 non
314 2753 450 2817 nimium
472 2751 599 2835 laboro,
621 2751 747 2814 etiamsi
769 2751 877 2814 minus
900 2772 1066 2834 assequor,
1096 2753 1186 2834 quod

224 2843 308 2907 volo.
358 2840 532 2924 Pompeius
563 2843 673 2904 tamen
705 2859 777 2903 cum
809 2836 925 2903 Crasso
957 2839 1086 2924 locutus
1119 2845 1185 2903 est:

152 3005 155 3012 Ι
224 2929 374 2994 videntur
387 2927 554 3011 negotium
573 2927 758 3010 suscepisse.
795 2924 829 2990 si
848 2926 1027 3010 perficiunt,
1046 2927 1185 3011 optime3

198 3018 254 3080 esi
276 3016 393 3099 minus,
415 3015 456 3078 ad
478 3019 626 3079 nostrum
648 3014 758 3078 Iovem
780 3019 987 3078 revertamur.
1022 3013 1062 3077 A.
1086 3015 1117 3079 d.
1135 3033 1184 3080 111.

223 3103 301 3169 ldus
315 3101 408 3168 Febr.
431 3105 562 3166 senatus
585 3103 840 3168 consultum‘est
857 3103 980 3166 factum
999 3101 1037 3167 de
1056 3103 1184 3166 ambitu

294 3277 345 3346 Ep.
367 3283 429 3346 7,1.
457 3277 491 3331 da
507 3281 603 3331 nostro
622 3276 850 3343 Uraaio'fflalas
871 3275 938 3345 ina).
975 3277 1008 3331 de
1024 3279 1043 3343 τ
1060 3292 1119 3332 aon
1135 3294 1184 3332 cu·
1271 3317 1272 3330 ,

223 3349 320 3402 raetia
337 3347 432 3414 Mal,
450 3347 480 3400 Β.
525 3348 558 3400 de
575 3363 632 3400 aaa
655 3347 775 3400 Uenutio
792 3347 835 3400 od.
851 3294 953 3400 i'aern.
996 3347 1029 3401 de
1046 3363 1083 3400 ao
1107 3349 1183 3413 (cum
1271 3409 1272 3418 ἵ

223 3417 300 3470 linea
314 3420 343 3470 et
356 3433 472 3472 vacuos
494 3416 552 3470 atio
566 3416 675 3484 relicto)
690 3416 732 3470 od.
747 3416 844 3470 Laudi.
860 3445 892 3456 —
912 3417 967 3472 Sec
980 3421 1070 3472 tamen
1077 3421 1184 3486 postn'-
1271 3421 1272 3424 ’

225 3487 269 3539 die
288 3487 402 3556 (vulgo).
502 3492 593 3540 tenua
611 3515 653 3538 -.
683 3486 717 3538 P.
737 3485 804 3554 (Or,
822 3486 883 3556 B.)?
919 3493 944 3541 2.
972 3493 1142 3557 aaepoetper
1156 3505 1185 3542 se
1271 3505 1272 3512 ¹

193 3600 197 3608 .
225 3555 330 3623 (Mill,
347 3557 453 3626 vulgo).
490 3572 512 3609 c.
531 3561 557 3608 et
569 3572 622 3622 per
639 3571 666 3608 se
684 3555 797 3622 Kahat,
816 3555 847 3610 B.
