2610 3980
254 165 298 232 94
538 165 575 220 Μ.
591 164 715 220 TULLII
733 163 924 220 CICERONIS

254 310 462 376 coniunctum
490 309 659 375 consilium
681 311 775 375 tuum
798 329 871 374 eum
893 329 980 394 meo,
1002 306 1212 394 supersedeas

253 398 316 464 hoc
346 398 456 463 labore
487 397 626 482 itineris;
657 397 708 462 sin
741 399 849 462 autem
876 399 938 481 est,
971 395 1057 482 quod
1084 417 1212 462 mecum

255 485 490 552 communicare
517 483 610 570 velis,
637 505 697 571 ego
724 487 758 549 te
785 484 986 570 exspectabo.
1031 483 1096 568 Tu,
1124 484 1214 568 quod

254 576 311 640 tuo
331 574 498 640 commodo
516 573 583 658 fiat,
602 594 699 658 quam
717 571 858 657 primum
876 573 973 638 velim
990 571 1110 657 venias,
1128 572 1214 644 sicut

254 662 397 727 intellexi
420 664 454 726 et
476 659 586 727 Servio
610 665 643 726 et
663 659 849 726 Postumiae
874 661 1010 746 placere.
1054 659 1145 726 Vale.

699 853 759 920 III.

249 1024 257 1040 ,
318 967 374 1022 Ser.
393 967 499 1022 Romae
518 967 636 1022 exeunte
654 982 749 1022 mense
768 965 928 1036 Septembri
953 982 977 1020 a.
996 983 1023 1022 u
1042 982 1065 1022 c
1086 971 1145 1021 708.

445 1090 481 1146 Μ.
501 1088 629 1145 CICERO
649 1089 676 1145 S.
695 1088 728 1144 D.
749 1087 826 1144 SER.
847 1087 1020 1145 SULPIOIO.

222 1205 237 1252 1
322 1189 540 1256 Vehementer
564 1192 597 1254 te
625 1211 694 1254 esse
717 1187 891 1255 sollicitum
914 1192 947 1254 et
973 1189 1010 1254 in
1036 1189 1216 1254 communi-

256 1280 317 1345 bus
344 1277 480 1342 miseriis
512 1277 684 1362 praecipuo
713 1277 853 1361 quodam
880 1276 990 1345 dolore
1018 1277 1097 1363 angi
1118 1277 1217 1342 multi

258 1368 299 1432 ad
320 1387 381 1431 nos
405 1365 547 1450 quotidie
570 1365 732 1448 deferunt3
754 1364 841 1448 quod
863 1387 1058 1452 quamquam
1080 1365 1217 1432 minime

257 1455 357 1520 miror
380 1456 412 1518 et
433 1473 542 1518 meum
560 1453 797 1536 quodammodo
816 1473 968 1539 agnosco,
991 1454 1083 1518 doleo
1102 1455 1218 1520 tamen

257 1547 291 1608 te
323 1541 481 1626 sapientia
511 1541 693 1626 praeditum
724 1563 825 1627 prope
857 1542 1016 1628 singulari
1048 1563 1116 1608 non
1148 1543 1218 1608 tuis

258 1630 352 1696 bonis
375 1629 526 1694 delectari
548 1630 657 1714 potius
685 1651 782 1713 quam
805 1630 918 1695 alienis
940 1630 1034 1696 malis
1057 1630 1218 1696 laborare.

258 1717 312 1784 Me
335 1717 480 1802 quidem,
507 1718 568 1782 etsi
589 1717 712 1783 nemini
735 1718 889 1803 concedo,
916 1718 971 1804 qui
997 1719 1152 1784 maiorem
1175 1741 1218 1784 ex

259 1806 399 1891 pernicie
426 1808 460 1870 et
485 1809 575 1891 peste
607 1805 654 1871 rei
685 1806 832 1890 publicae
863 1806 1045 1872 molestiam
1070 1808 1219 1892 traxerit,

259 1900 369 1959 tamen
382 1894 484 1958 multa
496 1893 562 1958 iam
581 1895 789 1960 consolantur
802 1895 1001 1980 maximeque
1017 1895 1219 1962 conscicntia
1291 1959 1292 1966 ἶ

123 2038 126 2048 .
260 1982 466 2048 consiliomm
497 2003 654 2066 meorum3
684 1983 786 2048 multo
819 1984 907 2048 enim
941 1986 1016 2049 ante
1048 1987 1219 2068 tamquam

260 2093 299 2138 ex
326 2071 433 2155 aliqua
464 2072 593 2156 specula
623 2071 775 2156 prospexi
805 2073 1030 2157 tempestatem
1061 2071 1219 2158 futuram,

230 2159 1220 2335 1certaremussereremus
1290 2177 1291 2193 *

759 2295 767 2330 l
808 2315 812 2326 ,

260 2339 385 2421 partem
408 2336 593 2400 consulatus
615 2334 678 2420 tui,
705 2338 815 2400 tamen
842 2340 875 2400 et
897 2337 1013 2402 absens
1041 2357 1219 2424 cognosce·
1289 2379 1290 2412 r

260 2424 344 2508 bam,
366 2443 448 2507 quas
471 2425 557 2487 esset
577 2425 635 2488 tua
656 2423 693 2488 in
714 2422 776 2489 hoc
794 2424 948 2509 pestifero
963 2425 1047 2490 bello
1071 2425 1221 2493 cavendo

261 2515 295 2576 et
315 2510 528 2596 praedicendo
545 2511 726 2596 sententia,
753 2511 876 2597 etipse
899 2511 976 2578 affui
997 2512 1110 2598 primis
1132 2516 1220 2580 tem-
1288 2567 1289 2604 ,

260 2600 392 2684 poribus
410 2599 459 2663 tui
480 2600 675 2685 consulatus,
693 2622 792 2684 quum
809 2601 1046 2668 accuratissime
1059 2602 1221 2670 monuisti
1288 2607 1289 2637 ¹

262 2691 410 2754 senatum
432 2687 573 2753 collectis
592 2688 741 2754 omnibus
759 2687 853 2753 bellis
872 2689 1028 2775 civilibus,
1050 2693 1087 2756 ut
1106 2689 1222 2758 stilla
1287 2765 1288 2780 ,

261 2777 420 2861 timerent,
443 2797 524 2862 quae
542 2775 773 2861 meminissent,
795 2780 829 2842 et
847 2777 975 2863 scirent,
998 2799 1098 2861 quum
1121 2799 1221 2866 supe·
1287 2781 1288 2859 l

261 2865 361 2930 riores
375 2863 465 2930 nullo
484 2864 542 2929 tali
561 2865 706 2951 exemplo
725 2867 822 2930 antea
839 2864 875 2930 in
892 2887 927 2932 rc
940 2865 1069 2950 publica
1082 2868 1220 2954 cognito

160 3025 163 3030 ,
261 2956 329 3018 tam
347 2952 490 3017 crudeles
509 2953 657 3038 fuissent,
678 2953 869 3038 quicumque
887 2958 1001 3038 postea
1021 2975 1088 3019 rem
1110 2954 1222 3041 publi·

262 3063 333 3108 cam
355 3041 568 3126 oppressisset
591 3041 701 3126 armis,
728 3042 830 3107 multo
857 3041 1143 3110 intolerabiliorem
1166 3043 1220 3110 fu·

261 3133 383 3214 turum3
409 3151 499 3215 nam,
522 3129 607 3214 quod
630 3130 774 3215 exemplo
797 3129 848 3214 fit,
874 3130 908 3195 id
935 3130 1033 3196 etiam
1053 3130 1122 3197 iure
1144 3130 1222 3198 fieri
1285 3183 1286 3200 l

261 3220 391 3303 putant,
423 3218 479 3282 sed
511 3217 631 3302 aliquid
662 3220 758 3301 atque
790 3218 869 3283 adeo
897 3220 1000 3286 multa
1031 3219 1155 3286 addunt
1183 3225 1221 3287 et

226 3305 401 3373 salierunt
422 3304 461 3371 de
484 3321 552 3373 suo.
597 3304 702 3382 Quare
729 3306 912 3372 meminisse
940 3307 1035 3374 debes
1063 3329 1132 3393 eos,
1159 3311 1222 3392 qui

262 3393 486 3460 auctoritatem
505 3397 538 3459 et
554 3393 724 3459 consilium
741 3397 834 3459 tuum
852 3416 922 3460 non
940 3395 1007 3462 sint
1024 3395 1133 3480 secuti,
1156 3416 1220 3462 sua

263 3480 401 3547 stultitia
427 3481 592 3568 occidisse,
619 3502 718 3566 quum
749 3485 808 3548 tua
838 3483 1010 3570 prudentia
1037 3483 1117 3550 salvi
1144 3503 1221 3550 esse
