2578 3978
363 211 617 272 EPISTOLARUM
635 217 656 270 1.
676 223 753 270 e-e.
1010 215 1032 280 5

91 358 141 424 erit
164 363 286 444 aetum,
314 360 453 425 scribam
480 361 521 424 ad
548 364 580 424 te
604 363 649 444 et,
677 363 715 424 ut
737 381 834 444 quam
856 359 1031 424 rectissime

30 525 31 586 ἢ
89 451 196 602 effi,
218 449 312 514 omni
330 469 404 514 mea
423 469 499 513 eura
521 469 628 534 opera,
651 448 818 534 diligentia
837 447 941 534 gratia
959 467 1031 534 pro·
1081 547 1082 554 ἵ

521 727 580 794 ΠΙ.

235 841 296 897 Ser.
312 841 417 896 Romae
431 858 526 897 mense
540 841 671 896 Ianuario
684 857 708 894 a.
724 859 750 895 u.
766 858 788 896 o.
804 847 865 897 698.

193 964 230 1019 Μ.
251 964 385 1020 CICERO
408 963 435 1020 S.
459 965 492 1018 D.
511 965 542 1020 P.
566 965 737 1022 LENTULO
760 963 906 1052 PROOOS.

140 1062 176 1128 A.
190 1063 369 1148 Trebonio,
387 1064 490 1148 quiin
508 1069 565 1128 tua
578 1065 744 1150 provincia
762 1085 882 1150 magna
899 1065 1031 1151 negotia
1050 1087 1065 1136 1

87 1153 113 1214 et
124 1153 226 1237 ampla
244 1155 281 1218 et
300 1153 448 1237 expedita
461 1153 569 1235 habet,
586 1156 706 1218 multos
724 1175 827 1218 annos
845 1155 920 1218 utor
938 1154 1031 1218 valde

86 1237 288 1306 familiariter:
312 1241 341 1306 is
360 1261 458 1325 quum
477 1244 573 1306 antea
591 1263 716 1326 semper
734 1245 767 1306 et
785 1263 842 1306 suo
862 1241 1031 1326 splendore

87 1329 113 1390 et
134 1331 244 1394 nostra
273 1333 517 1413 oeterorumque
549 1331 724 1396 amicornm
754 1329 1031 1395 commendatione

87 1416 328 1498 gratiosissimus
354 1418 391 1482 in
411 1418 578 1502 provincia
599 1419 675 1502 fuit,
701 1421 771 1482 tum
797 1418 860 1483 hoo
886 1421 1031 1502 tempore

87 1508 203 1588 propter
224 1508 321 1570 tuum
343 1505 379 1569 in
400 1527 452 1570 me
474 1527 616 1570 amorem
634 1509 841 1590 nostramque
859 1505 1031 1570 necessitu-

88 1590 180 1658 dinem
201 1593 412 1660 vehementer
434 1594 568 1659 confidit
588 1594 640 1658 his
658 1595 737 1660 meis
759 1595 875 1658 litteris
894 1616 927 1658 se
946 1593 1032 1677 apud

87 1681 113 1742 te
133 1681 311 1765 gratiosum
333 1682 416 1764 fore3
446 1703 527 1766 quae
554 1703 595 1746 ne
619 1704 691 1767 spes
714 1704 787 1747 eum
809 1683 916 1766 fallat,
939 1681 1064 1748 veho-a

88 1771 198 1833 menter
219 1791 303 1856 rogo
326 1773 360 1834 te
383 1770 634 1854 commendoque
661 1771 723 1834 tibi
750 1771 818 1835 eius
846 1769 955 1834 omnia
976 1789 1031 1833 ne·

89 1856 177 1942 gotia,
198 1858 336 1928 libertos
359 1862 582 1942 procuratores
604 1858 773 1943 familiam,
799 1859 835 1922 in
857 1858 1032 1943 primisque

89 1946 129 2026 ut,
153 1967 233 2030 quae
263 1945 300 2010 Τ.
323 1945 460 2031 Ampius
488 1947 527 2010 de
554 1947 622 2012 eius
648 1947 859 2031 redemerit,
887 1943 931 2012 ea
947 1967 1032 2011 eorn-

90 2032 190 2111 probes
213 2034 430 2118 omnibusque
452 2034 549 2100 rebus
572 2057 645 2100 eum
666 2036 713 2100 ita
731 2036 859 2118 tractes,
881 2038 918 2098 ut
939 2035 1032 2096 intel·

90 2117 158 2200 ligat
177 2143 287 2187 meam
310 2122 621 2188 commendationem
647 2145 715 2190 nou
737 2123 903 2206 vulgarem
925 2121 1033 2184 fuisse.

527 2333 584 2398 IV.

119 2437 171 2496 Sor.
184 2441 293 2499 Romae
305 2461 401 2500 mense
414 2445 544 2500 ianuario
560 2445 628 2512 (XV.
644 2445 705 2499 Kal.
720 2445 812 2514 Febr.)
826 2461 851 2498 a.
861 2463 888 2498 u.
899 2461 922 2499 o.
937 2449 998 2500 698.

218 2567 258 2622 M.
273 2567 401 2624 CICERO
420 2567 448 2624 S.
462 2567 495 2623 D.
510 2567 540 2623 P.
555 2569 727 2625 LENTULO
745 2567 892 2624 PROCOS.

146 2663 183 2730 Α.
206 2665 237 2730 d.
256 2665 345 2734 XVI.
367 2665 439 2731 Kal.
457 2667 551 2732 Febr.
575 2691 672 2753 quum
695 2670 730 2732 in
751 2671 866 2732 senatu
888 2667 1068 2751 pulcher-1

92 2749 159 2816 rime
182 2758 356 2838 staremus,
384 2756 470 2839 quod
496 2756 561 2820 iam
587 2757 677 2821 illam
704 2756 898 2821 sententiam
925 2755 1035 2821 Bibuli

93 2836 124 2901 de
143 2842 245 2906 tribus
267 2843 384 2928 legatis
402 2844 503 2927 pridie
523 2844 590 2910 aius
610 2845 672 2909 diei
689 2844 898 2930 degeremus,
920 2866 1034 2909 unum-

94 2946 144 3006 que
161 2933 323 2994 oertamen
342 2934 426 2996 esset
443 2932 600 3018 relictum,
618 2955 691 2997 oum
711 2933 872 2998 sententia
884 2931 1035 3017 Volcatii,

92 3033 135 3078 res
163 3017 203 3082 ab
231 3017 421 3084 adversariis
452 3021 573 3084 nostris
605 3024 748 3085 extranta
779 3023 828 3084 est
860 3022 956 3085 variis
984 3042 1034 3084 oa-

93 3099 224 3189 lumniis3
246 3127 376 3172 oausam
399 3107 485 3171 enim
507 3108 668 3192 frequenti
689 3113 803 3174 senatu
826 3130 893 3175 non
915 3129 1035 3192 magna

94 3191 235 3258 varietate
257 3215 440 3280 magnaque
462 3195 720 3282 invidiosorum,
743 3198 798 3281 qui
816 3219 836 3260 a
853 3199 885 3260 te
905 3216 1035 3259 eausam

94 3279 205 3362 regiam
226 3282 289 3347 alio
310 3283 520 3368 traferebant,
543 3283 775 3350 obtinebamus.
811 3283 861 3348 Eo
880 3283 930 3345 die
949 3301 1034 3345 aoer-

154 3469 204 3541 Ep.
223 3479 247 3542 ἓ,
261 3479 286 3527 4.
314 3479 436 3544 operetur
449 3476 550 3541 mania,
563 3492 622 3530 mea
636 3475 749 3542 (Cratw
778 3476 878 3540 apator
892 3474 984 3526 omnia
996 3471 1034 3524 M.

96 3533 138 3606 Ep.
155 3548 216 3609 4,1.
252 3543 383 3612 retictmn,
402 3561 463 3600 ewm
481 3548 613 3600 sententia
628 3546 693 3614 (n).
729 3544 777 3626 ret.
795 3547 861 3595 seat.
879 3541 944 3595 ΜΒ.
