2676 3984
241 252 306 316 278
524 253 562 308 Μ,
582 252 705 308 TULLII
723 252 914 310 CICERONIS

239 396 455 483 intelligerem
480 399 514 461 te
541 419 612 462 esse
639 402 849 484 commotum,
876 404 909 464 et
936 421 997 486 ego
1023 401 1084 466 tibi
1106 423 1197 467 aecu-

239 489 311 552 rate
332 486 568 570 rescripseram,
590 489 628 550 ut
649 507 772 571 quoquo
791 487 887 553 modo
909 489 944 552 in
966 489 1026 553 tali
1047 510 1082 553 re
1100 494 1197 575 atque

240 580 386 660 tempore
409 577 467 640 aut
487 574 658 639 liberarem
684 579 717 639 te
740 576 805 640 ista
827 597 904 640 eura
925 581 984 642 aut
1006 582 1090 642 certe
1112 579 1197 643 leva·
1317 577 1318 608 ³

206 675 323 747 arem3
350 662 420 747 sed,
446 663 600 747 quoniam
622 663 776 746 proximis
798 686 926 749 quoque
952 666 1069 732 litteris
1092 669 1198 732 osten·
1317 719 1318 740 ,

241 751 304 835 dis,
331 755 471 836 quantae
492 751 554 816 tibi
581 773 676 816 curae
704 753 747 816 sit
773 774 812 817 ea
837 775 903 838 res,
931 755 989 838 sio,
1020 755 1065 819 mi
1090 753 1198 841 Paete,
1317 753 1318 816 l

240 839 374 906 habeto:
402 839 557 925 quidquid
585 843 654 904 arto
685 840 756 904 fieri
776 843 920 926 potuerit
946 879 989 890 -
1016 864 1084 908 non
1111 844 1197 908 enim
1317 905 1318 934 ,

240 929 307 993 iam
329 928 407 992 satis
431 931 481 994 est
503 928 638 994 oonsilio
661 949 820 1015 pugnare:
843 930 1015 996 artificium
1037 931 1198 1016 quoddam

240 1016 490 1102 excogitandum
513 1020 564 1083 est
576 1053 629 1101 -,
652 1018 707 1082 sed
724 1021 844 1103 tamen,
867 1018 1021 1103 quidquid
1039 1020 1198 1085 elaborari
1317 1007 1318 1032 ¹

242 1108 299 1170 aut
320 1105 406 1170 effioi
427 1107 571 1191 potuerit
593 1107 634 1171 ad
656 1106 793 1172 istorum
812 1107 1071 1174 benevolentiam
1093 1108 1198 1173 oonoi·

240 1193 384 1260 liandam
408 1197 441 1259 et
463 1195 686 1280 colligendam,
710 1217 834 1260 summo
854 1196 960 1261 studio
977 1217 1029 1262 me
1047 1218 1197 1262 oonseou·

241 1285 312 1347 tum
335 1303 414 1367 esse,
436 1304 496 1349 neo
518 1284 652 1366 frustra,
679 1291 717 1348 ut
739 1284 892 1368 arbitror,
919 1286 965 1349 sio
992 1285 1078 1349 enim
1101 1286 1198 1369 color,

242 1371 288 1436 sie
311 1371 464 1437 observor
486 1371 527 1436 ab
551 1372 701 1437 omnibus
722 1372 771 1457 iis,
794 1373 849 1456 qui
866 1394 888 1437 a
906 1371 1042 1438 Caesare
1060 1374 1198 1459 diligun-

241 1463 304 1543 tur,
326 1462 364 1523 ut
386 1459 427 1523 ab
450 1459 489 1527 iis
512 1479 564 1524 me
586 1460 688 1525 amari
710 1463 835 1545 putem3
861 1462 991 1527 tametsi
1013 1483 1082 1528 non
1103 1462 1197 1526 facile

242 1544 435 1612 diiudicatur
453 1569 544 1613 amor
562 1569 656 1613 verus
675 1552 708 1613 et
724 1549 828 1633 fietus,
848 1551 911 1614 nisi
929 1550 1059 1634 aliquod
1076 1550 1198 1615 ineidat

242 1635 399 1700 eiusmodi
421 1638 563 1720 tempus,
585 1638 635 1721 ut,
663 1637 755 1722 quasi
783 1659 897 1703 aurum
919 1639 1003 1724 igni,
1030 1639 1075 1703 sie
1102 1638 1198 1705 bene-

242 1723 385 1790 volentia
411 1723 514 1790 fidelis
540 1725 683 1811 periculo
706 1725 814 1811 aliquo
840 1727 980 1812 perspici
1005 1727 1122 1812 possit,
1149 1748 1198 1792 ee·

242 1817 313 1877 tera
335 1815 412 1878 sunt
434 1814 529 1899 signa
547 1815 743 1899 eommunia3
766 1814 821 1879 sed
845 1836 905 1900 ego
924 1837 989 1880 uno
1007 1819 1082 1881 utor
1105 1836 1198 1901 argu·

242 1904 367 1986 mento,
394 1903 603 1986 quamobrem
625 1925 677 1967 me
701 1925 739 1968 ex
766 1903 875 1969 animo
902 1924 1039 1989 vereque
1062 1904 1198 1968 arbitror

243 1989 344 2076 diligi,
366 1991 442 2075 quia
465 1994 498 2056 et
519 1994 632 2057 nostra
653 1991 787 2056 fortuna
809 2014 848 2056 ea
870 1995 921 2058 est
942 1996 976 2056 et
996 1992 1139 2076 illorum,
1161 1994 1198 2057 ut

207 2091 223 2141 e
243 2079 417 2146 simulandi
439 2101 537 2146 eausa
557 2102 626 2145 non
648 2080 700 2145 sit.
734 2079 784 2145 De
806 2081 863 2145 illo
886 2084 1004 2164 autem,
1027 2102 1121 2165 quem
1143 2101 1198 2165 pe—

242 2187 301 2234 nes
324 2171 374 2234 est
395 2168 501 2234 omnis
523 2171 686 2253 potestas,
707 2168 790 2233 nihil
812 2168 919 2254 video,
946 2168 1032 2254 quod
1058 2170 1198 2253 timeum,

242 2257 307 2322 nisi
329 2255 415 2341 quod
438 2257 547 2322 omnia
570 2260 648 2322 sunt
667 2257 804 2341 ineerta,
826 2279 925 2341 quum
948 2280 968 2322 a
990 2258 1059 2323 iure
1081 2257 1198 2322 disues-

243 2365 314 2410 sum
333 2348 392 2429 est,
413 2365 474 2409 neo
493 2344 652 2429 praestari
670 2344 844 2429 quidquam
861 2349 978 2430 potest,
1001 2345 1094 2430 qualo
1111 2346 1197 2412 iutu-

242 2453 315 2496 rum
338 2433 389 2514 sit,
412 2430 498 2515 quod
520 2433 663 2516 positum
686 2433 789 2497 estin
807 2433 939 2499 alterius
957 2435 1134 2519 voluntate,
1156 2455 1198 2499 ne

243 2519 348 2586 dicam
374 2520 520 2603 libidine;
551 2519 607 2584 sed
638 2523 749 2585 tamen
776 2521 844 2587 eius
870 2523 972 2606 ipsius
999 2523 1091 2587 nulla
1116 2533 1151 2589 re
1179 2545 1198 2589 a

243 2628 295 2673 me
318 2607 460 2674 offensus
491 2611 541 2673 est
571 2607 710 2694 animus,
737 2611 788 2674 est
813 2610 900 2674 enim
927 2611 1073 2676 adhibita
1102 2611 1145 2694 in¹⁸
1160 2633 1198 2676 ea

242 2716 278 2761 re
304 2695 376 2781 ipsa
403 2719 528 2762 summa
555 2718 574 2762 a
600 2696 695 2762 nobis
721 2697 912 2784 moderatio,
943 2703 981 2765 ut
1007 2700 1094 2764 enim
1121 2700 1199 2766 olim

244 2784 425 2850 arbitrabar
442 2807 512 2852 esso
530 2805 638 2851 meum
654 2785 754 2851 libere
771 2787 869 2871 loqui,
890 2789 980 2853 euius
999 2809 1097 2872 opera
1115 2791 1199 2854 esset

243 2873 279 2937 in
302 2874 431 2939 oiviteto
453 2875 595 2959 libertas,
617 2874 663 2939 sie
685 2895 724 2939 ea
745 2885 834 2940 nuno
855 2877 975 2942 amissa
996 2877 1079 2941 nihil
1100 2877 1199 2961 loqui,

244 2961 331 3045 quod
354 2961 496 3028 offendat
515 2966 572 3028 aut
592 2963 680 3027 illius
699 2967 757 3029 aut
777 2984 898 3048 eorum,
920 2965 977 3048 qui
994 2965 1035 3028 ab
1053 2965 1109 3030 illo
1129 2965 1199 3029 dili-

243 3051 619 3205 &tutudit
638 3050 926 3205 statutt
943 3053 1096 3222 latim
1110 3060 1201 3206 luz

1075 3191 1083 3221 2

243 3227 368 3314 ingenii
388 3227 469 3292 mihi
495 3229 546 3292 est
567 3225 759 3312 abiicienda,
786 3228 886 3314 quod,
909 3229 937 3293 si
962 3250 1105 3315 possem,
1131 3251 1201 3296 non

314 3383 366 3454 Ep.
388 3391 428 3451 16,
443 3389 467 3439 2.
499 3389 609 3453 putem
626 3385 735 3439 umaro·
752 3383 900 3452 (eiectat,
918 3385 1054 3457 Madvig.)
1132 3403 1201 3443 σωκ·

244 3456 357 3519 munta·
382 3455 429 3509 sed
456 3454 531 3524 (W.).
581 3458 684 3522 putem.
720 3470 786 3508 nom
810 3456 861 3508 elei
940 3471 977 3522 a,
1003 3459 1051 3512 sed
1075 3457 1142 3513 ΜΒ.
1165 3488 1200 3499 -

243 3523 437 3659 {ratprppqqetor
456 3523 541 3594 (W.)?
581 3530 605 3579 3.
633 3524 702 3580 serti
723 3529 762 3580 ert
780 3525 937 3580 obiicienda
962 3526 1029 3595 (ll).
1065 3545 1099 3582 oa
1117 3529 1156 3584 sit
1173 3547 1201 3584 a.
