2636 3986
337 246 596 305 EPISTOLARUM
614 248 688 302 xm.
707 254 819 304 m-aa
989 247 1052 311 441

524 493 628 563 XXV.

356 609 415 666 Ser.
442 609 547 666 Romae
575 627 599 665 a.
627 627 653 664 u.
682 627 705 665 e.
735 617 794 667 708.

390 725 518 791 CICERO
538 732 669 790 SERVIO
690 733 765 791 SAL.

167 833 387 921 Hagesaretus
415 834 598 920 Larisaeus,
629 835 756 920 magnis
786 835 866 901 meis
892 835 1056 901 benefieiis

95 927 235 992 ornatus
266 923 302 988 in
331 924 500 992 consulatu
527 944 613 1008 meo,
644 944 767 989 memor
798 928 831 989 et
853 927 965 1010 gratus
994 924 1057 989 fuit

96 1033 214 1097 meque
237 1017 351 1097 postea
369 1012 613 1098 diligentissime
633 1013 744 1078 coluit:
767 1034 840 1078 euru
859 1013 919 1077 tibi
937 1033 1057 1098 magno

98 1121 198 1186 opere
230 1101 433 1185 commendo,
468 1104 506 1165 ut
537 1103 570 1166 et
599 1101 761 1186 hospitem
797 1105 830 1166 et
865 1101 1076 1166 familiarem

99 1211 209 1256 meum
227 1191 261 1253 et
278 1193 408 1275 gratum
425 1189 590 1256 hominem
608 1193 641 1255 et
658 1190 762 1255 virum
780 1190 903 1255 bonurn
921 1193 954 1255 et
971 1191 1057 1275 prin-

99 1278 206 1362 cipem
233 1277 374 1431 οἷὶἶίὴαῐὶε
401 1300 477 1344 suae
495 1281 541 1380 .⁰l
567 1282 625 1345 tua
649 1279 886 1383 necessitudine
909 1277 1057 1364 dignissi-

100 1388 199 1520 tlt
220 1365 1059 1540 afligillsllhlfffnll„lllflfllnflerlls

101 1564 204 1630 gnum
227 1544 314 1628 apud
336 1547 369 1608 te
391 1544 518 1629 pondus
540 1545 700 1612 habuisse.

492 1738 612 1804 XXVI.

360 1847 417 1904 Ser.
445 1847 551 1905 Romae
578 1866 602 1904 a.
631 1867 658 1904 u.
686 1868 709 1905 a.
738 1856 797 1906 τοῦ.

395 1970 523 2030 CICERO
543 1971 674 2028 SERVIO
694 1972 769 2028 SAL.

171 2071 207 2138 L.
220 2071 396 2138 Mescinius
414 2091 595 2140 eumaeum
613 2072 849 2138 necessitudine
870 2073 1059 2139 coniunctus
1080 2089 1093 2138 1

104 2163 167 2244 est,
199 2161 285 2245 quod
316 2160 397 2226 mihi
427 2162 580 2245 quaestor
609 2160 687 2244 fuit3
718 2160 786 2226 sed'
805 2161 891 2225 hane
922 2182 1060 2246 eausam,

105 2269 203 2332 quam
226 2267 301 2334 ego,
322 2252 361 2314 ut
387 2271 407 2313 a
433 2249 608 2314 maioribus
632 2249 753 2333 accepi,
780 2269 907 2333 semper
929 2270 1060 2334 gravem

105 2336 191 2421 duxi,
212 2336 290 2402 feeit
311 2337 430 2402 virtute
453 2341 486 2402 et
502 2337 704 2403 humanitate
723 2359 782 2404 sua
799 2337 979 2402 iustiorem:
1001 2338 1060 2401 ita·

105 2445 167 2510 que
191 2446 229 2490 eu
253 2425 299 2491 sio
321 2430 408 2511 utor,
430 2429 469 2492 ut
491 2446 551 2491 nea
572 2425 764 2492 familiarius
787 2427 854 2492 ullo
876 2447 937 2492 nee
959 2427 1059 2492 liben-

104 2514 178 2578 tius.
213 2513 247 2578 Is
261 2536 455 2600 quamquam
474 2514 633 2581 confidere
647 2515 816 2580 videbatur
831 2518 864 2580 te
878 2536 937 2580 sua
955 2536 1060 2604 eausa,

106 2621 187 2686 quae
217 2601 354 2668 honesta
385 2625 510 2689 posses,
536 2603 674 2670 libenter
701 2625 770 2671 esse
792 2602 967 2689 facturum,
993 2626 1060 2670 ma·

107 2710 207 2775 gnum
234 2713 303 2758 esse
330 2695 440 2758 tamen
472 2693 613 2778 speravit
644 2693 729 2779 apud
756 2697 791 2758 te
818 2714 906 2758 meas
933 2713 1060 2777 quoque

107 2779 230 2844 litteras
248 2781 372 2863 pondre
392 2781 569 2847 habituras:
596 2781 630 2845 id
653 2803 752 2866 quum
781 2781 850 2864 ipse
872 2781 919 2845 ita
941 2781 1083 2846 iudica·

107 2867 177 2950 bat,
203 2871 273 2933 tum
300 2890 359 2954 pro
386 2867 539 2934 familiari
566 2870 798 2937 consuetudine
827 2890 921 2954 saepe
948 2890 987 2934 ex
1009 2891 1059 2934 me

108 2955 264 3044 audierat,
296 2979 393 3043 quam
425 2959 531 3024 suavis
563 2961 648 3023 esset
677 2959 850 3023 internos
880 2960 913 3021 et
939 2961 1061 3042 quanta

108 3044 300 3111 uoniunetio.
344 3046 424 3113 Peto
446 3048 547 3134 igitur
569 3069 590 3112 a
610 3049 657 3130 te,
683 3048 777 3113 tanto
800 3046 922 3111 scilieet
944 3045 1095 3129 studius

109 3137 229 3216 quanto
251 3134 407 3220 intelligis
429 3136 544 3201 debera
566 3155 617 3200 rna
636 3137 744 3219 petere
761 3155 822 3219 pro
839 3134 970 3199 homine
992 3137 1061 3198 tam

107 3221 186 3286 mihi
209 3224 389 3290 necessario
413 3227 446 3288 et
470 3228 538 3289 tam
564 3223 729 3308 familiari,
756 3226 794 3289 ut
824 3223 893 3286 eius
920 3222 1060 3306 negotia,

110 3331 189 3395 quae
222 3315 300 3376 sunt
329 3312 365 3378 in
394 3310 519 3376 Achaia
550 3333 589 3376 ex
620 3332 672 3396 eo,
703 3311 789 3397 quod
820 3309 914 3376 heres
946 3313 996 3375 est
1017 3309 1061 3375 Μ.

155 3519 229 3590 'Ep
248 3525 290 3576 aa
322 3519 502 3590 Haperuretus
520 3519 626 3590 (ΕΜ
662 3521 706 3576 Au
724 3520 911 3590 Hepeaaratas
929 3518 1061 3587 (Cretum

109 3589 158 3660 Ep.
177 3595 221 3660 26,
235 3596 260 3646 2.
297 3590 406 3648 Achaia
423 3608 457 3648 aa
474 3607 516 3660 eo,
534 3608 559 3663 q.
578 3591 652 3660 (W).
689 3591 807 3659 Achaia,
824 3605 859 3648 aa
876 3605 905 3646 aa
923 3606 948 3664 q.
966 3591 1060 3661 vulgo.
