2556 3986
375 247 634 306 EPISTOLARUM
652 249 711 302 XV.
731 254 756 304 2.
978 247 1042 312 503

87 413 147 457 suo
180 391 323 476 accipere
354 413 420 458 non
453 393 609 478 potuissc;
644 415 679 458 se
711 397 821 458 tamen
857 395 932 458 ente
963 393 1044 458 illud

87 483 216 564 tempus
239 501 310 545 eam
332 501 400 545 rem
422 503 599 565 numquam
621 482 656 546 in
674 481 815 548 medium
836 484 968 566 propter
990 502 1043 565 pe·

86 568 181 632 riculi
203 571 326 636 metum
347 569 528 653 protulisse.
569 567 657 645 Quae
680 591 780 654 quum
802 573 887 636 esset
908 570 1044 654 locutus,

87 656 202 722 monui
224 677 341 742 regem,
364 661 401 722 ut
423 678 553 722 omnem
572 657 774 744 diligentiam
796 656 838 723 ad
861 679 895 723 se
918 678 1043 723 conser-

88 744 231 810 vandum
253 745 429 830 adhiberet,
451 747 634 830 amicosque
647 747 668 826 †
682 747 717 812 in
739 747 840 831 patris
861 746 930 810 eius
948 749 1044 830 etque

88 832 207 898 iudicio
238 833 392 918 probatos
428 833 577 900 hortatus
614 857 699 919 sum,
734 835 820 920 regis
857 834 908 900 sui
943 833 1045 899 uitem

89 920 176 986 docti
198 943 275 988 casu
298 922 502 988 acerbissimo
525 923 627 1008 patris
650 924 718 988 eius
737 923 826 988 omni
844 944 921 992 cura
938 925 1044 987 custo·

88 1009 205 1094 disque
237 1010 455 1080 defenderent.
509 1009 616 1087 Quum
645 1033 701 1076 rex
730 1034 751 1076 a
782 1033 833 1076 me
864 1011 1077 1095 equitatum?

89 1097 301 1183 cohortesque
329 1099 367 1164 de
391 1100 530 1165 exercitu
552 1121 624 1165 meo
648 1101 840 1184 postularet,
867 1099 929 1163 etsi
950 1099 1043 1162 intel-

89 1185 232 1271 ligebam
258 1191 364 1253 vestro
393 1191 524 1254 senatus
552 1189 699 1254 consulto
727 1209 795 1253 non
826 1187 922 1252 modo
949 1207 1044 1270 posse

88 1295 140 1338 me
162 1274 196 1338 id
218 1275 337 1359 fecere,
364 1276 420 1341 sed
448 1277 545 1343 etiem
568 1277 697 1362 debere,
722 1279 845 1361 temen,
873 1297 972 1360 quum
993 1296 1045 1340 res

90 1362 218 1446 publica
252 1365 433 1448 postularet
467 1367 600 1452 propter
636 1365 841 1449 quotidianos
877 1383 917 1429 ex
952 1361 1046 1448 Syria

89 1451 236 1534 nuntios,
267 1456 305 1516 ut
335 1474 433 1538 quam
463 1454 604 1538 primum
635 1454 810 1520 exercitum
841 1453 881 1517 ed
914 1449 1044 1518 Ciliciae

89 1537 170 1604 fines
193 1540 395 1626 adducerem,
423 1563 584 1627 quumque
607 1542 687 1608 mihi
708 1563 765 1608 rex
786 1541 957 1626 patefactis
978 1541 1045 1604 iam

13 1645 15 1650 ·
89 1627 214 1692 insidiis
246 1651 314 1694 non
349 1651 443 1716 egere
479 1631 619 1696 exercitu
653 1631 767 1716 populi
792 1629 952 1714 Romani,
989 1627 1044 1714 sed

89 1737 185 1799 posse
207 1735 239 1780 se
261 1718 327 1782 suis
350 1718 465 1802 opibus
488 1718 658 1783 defendere
680 1719 857 1801 videretur,
878 1719 970 1783 illum
993 1737 1044 1782 co-

89 1803 239 1868 hortatus
262 1825 347 1888 sum,
369 1809 406 1868 ut
427 1805 462 1870 in
485 1827 545 1870 sua
569 1807 638 1870 vita
659 1806 880 1872 conservanda
905 1806 1045 1889 primum

89 1910 227 1976 regnare
259 1890 406 1956 disceret:
438 1914 458 1956 a
488 1893 603 1978 quibus
634 1894 849 1977 perspexisset
880 1892 942 1957 sibi
968 1891 1044 1956 insi·

91 1979 160 2042 dias
193 1981 336 2064 paratas,
371 1977 407 2044 in
438 2000 493 2045 eos
525 1984 669 2045 uteretur
699 1981 768 2046 iure
799 1980 903 2065 regi03
939 2001 1044 2064 poene

91 2066 235 2132 afficeret
253 2089 318 2152 eos,
341 2088 420 2150 quor
439 2089 569 2132 necesse
588 2072 680 2153 esset,
701 2070 842 2152 reliquos
860 2070 949 2132 metu
967 2067 1044 2133 libe·

90 2158 190 2238 raret;
220 2155 380 2239 praesidio
413 2155 570 2222 exercitus
601 2157 666 2221 mei
696 2155 737 2222 ad
769 2178 892 2241 eorum,
923 2153 979 2240 qui
1010 2155 1045 2220 in

91 2243 186 2327 culpe
204 2247 321 2328 essent,
339 2243 489 2309 timorem
506 2244 615 2328 potius
634 2266 731 2328 quam
749 2243 790 2310 ad
803 2244 1045 2308 contentionem

90 2333 247 2414 uteretur3
273 2332 344 2397 fore
371 2335 493 2416 autem,
518 2336 556 2398 ut
583 2354 708 2417 omnes,
737 2331 891 2418 quoniam
913 2335 1044 2397 senatus

90 2420 275 2486 consultum
300 2423 449 2505 nossent,
473 2421 693 2506 intelligerent
718 2443 769 2486 me
796 2420 879 2506 regi,
908 2419 937 2486 si
964 2441 1044 2504 opus

90 2511 184 2591 esset,
207 2530 245 2572 ex
269 2507 459 2580 auctoritate
482 2511 589 2574 vestra
610 2509 770 2593 praesidio
793 2509 948 2574 futurum.
993 2507 1080 2574 Itee

91 2595 280 2663 confirmato
303 2597 360 2663 illo
383 2619 423 2662 ex
444 2619 482 2663 eo
505 2598 576 2664 loco
599 2601 705 2663 cestre
726 2598 826 2682 movi3
852 2595 913 2664 iter
936 2595 969 2660 in
994 2593 1044 2660 Oi-

91 2683 198 2748 liciam
220 2685 325 2750 facere
352 2685 489 2770 institui,
497 2705 594 2768 quum
609 2684 672 2750 hac
700 2685 851 2770 opinione
879 2681 1044 2768 sCappc-

92 2770 184 2837 decia
202 2771 404 2858 discederem,
426 2776 464 2838 ut
481 2772 616 2838 consilio
633 2777 750 2856 vestro,
769 2793 845 2838 casu
865 2771 1045 2837 incredibili

92 2881 129 2924 ac
151 2881 253 2944 paene
272 2861 380 2928 divino
399 2881 518 2948 regem,
536 2882 630 2944 quem
650 2883 708 2926 vos
721 2859 1044 2927 honorificentissime

91 2947 312 3032 appellassetis
339 2949 429 3015 nullo
456 2949 641 3033 postulante
669 2970 827 3034 quemque
857 2970 948 3014 meae
970 2947 1045 3014 fidei

91 3035 375 3102 commendassetis
398 3040 430 3101 et
452 3035 542 3102 cuius
563 3037 701 3102 salutem
722 3058 859 3123 magnae
877 3037 969 3103 vobis
991 3059 1044 3102 cu-

90 3146 144 3190 rce
176 3145 246 3190 esse
278 3124 478 3210 decressetis,
509 3147 600 3190 meus
632 3125 788 3190 adventus
820 3125 1044 3210 praesentibus

159 3297 211 3368 Ep.
232 3304 257 3366 2,
272 3304 296 3354 6.
333 3299 484 3368 amicosque
500 3303 519 3365 †
537 3299 570 3354 io
586 3299 680 3367 petris
702 3316 724 3354 c.
747 3303 827 3367 atque
848 3298 952 3353 iudicio
976 3298 1043 3368 (ll),

91 3385 116 3424 c.
130 3385 161 3438 p.
180 3386 201 3424 c.
221 3370 319 3438 cumae
335 3369 393 3424 iad.
413 3368 542 3438 (Schott.)
559 3371 611 3423 aut
627 3387 654 3424 c.
667 3370 725 3424 iam
737 3386 770 3438 p.
783 3383 805 3422 c.
824 3372 904 3438 utque
921 3370 968 3424 aci
985 3369 1043 3424 iad.

91 3438 143 3563 (Ιῷ)
158 3441 208 3494 cut
221 3457 247 3494 c.
257 3457 288 3508 p.
298 3455 319 3494 c.
334 3444 414 3508 atquc
427 3439 474 3494 cci
487 3439 545 3494 iud.
556 3439 682 3509 (Popma,
691 3439 742 3509 B.).
758 3469 791 3479 -
801 3439 933 3508 probator
945 3439 1043 3495 cotort.
1063 3480 1068 3486 .

90 3511 173 3635 (dil
208 3509 569 3649 priiuitfissmmh'
586 3509 882 3580 rum,ctrepis(W.)?
919 3510 1044 3567 Μῶα-

90 3595 229 3652 naq.
298 3623 324 3636 ..
381 3596 544 3650 μιᾳ..
