2636 3986
257 219 322 284 452
539 221 578 276 Μ.
596 219 720 276 TULIalI
737 218 929 276 CICERONIS

257 363 350 429 didos
380 363 543 446 homines,
573 364 629 446 qui
655 361 802 428 (lassaris
833 363 991 428 beneficia
1020 361 1215 448 vendebant,

258 453 415 536 tabulam,
441 453 476 516 in
499 473 564 536 qua
586 453 719 516 nomina
742 452 872 516 civitate
895 452 1089 518 donatorum
1111 452 1217 517 incisa

257 543 374 624 essent,
386 539 497 605 revelli
510 540 666 623 iussisset,
679 540 782 606 cidem
795 540 984 605 Dolabellae
998 562 1049 606 me
1063 539 1215 606 audiente

257 626 376 694 Caesar
402 629 485 693 dixit
510 629 593 692 nihil
625 649 708 712 esse,
739 629 826 713 quod
858 629 896 692 de
919 627 1016 713 Mega
1041 632 1216 712 vereretur,

223 717 448 782 abeneficium
469 739 564 782 suum
586 717 622 781 in
644 738 683 782 eo
702 738 840 781 manere.
876 715 949 782 Hoc
966 721 1000 782 te
1017 718 1100 782 scire
1117 717 1216 801 volui,

257 809 295 869 ut
325 827 399 869 eum
434 806 469 870 in
501 805 618 870 civium
649 805 870 870 Romanorum
901 826 1038 870 numero
1069 805 1217 888 haberes,

257 893 436 976 ceterisque
465 893 501 957 in
532 894 627 959 rebus
659 892 720 957 tibi
755 914 829 957 cum
863 893 911 957 ita
942 893 1146 978 commendo,
1178 898 1217 960 ut

257 981 378 1046 maiore
392 982 498 1046 studio
512 983 675 1046 neminem
694 981 952 1046 commendarim.
988 980 1217 1047 Gratissimum

257 1069 337 1134 mihi
353 1065 477 1154 leceris,
496 1071 524 1134 si
542 1092 616 1135 eum
633 1071 680 1134 ita
696 1070 854 1153 tractaris,
871 1072 909 1132 ut
925 1069 1089 1152 intelligat
1108 1092 1216 1136 meam

257 1159 569 1224 commendationem
590 1178 711 1243 magno
734 1158 794 1223 salai
816 1161 1006 1222 ornamento
1028 1157 1138 1223 fuisse.

649 1327 820 1422 xxxvii

540 1463 597 1519 Ser.
616 1464 722 1518 Romae
740 1481 765 1518 a.
784 1483 811 1518 u.
829 1481 853 1518 c.
873 1469 933 1518 loe.

389 1584 537 1640 CICERO
555 1585 698 1641 ACILIO
718 1586 977 1642 PROGONSULI
993 1586 1077 1643 SAL.

324 1685 488 1770 Hippiam,
506 1684 676 1751 Philoxeni
694 1686 805 1772 filium,
822 1685 1033 1772 Ualentinum,
1050 1688 1216 1772 hospitem

258 1777 292 1840 ct
313 1775 529 1840 necessarium
552 1796 672 1860 meum,
700 1776 762 1840 tibi
788 1776 978 1841 commendo
1000 1777 1036 1841 in
1058 1777 1216 1842 maiorem

258 1863 402 1929 modum:
435 1864 502 1928 eins
530 1864 630 1948 bona,
661 1863 930 1949 quemadmodum
959 1865 1000 1928 ad
1027 1885 1079 1928 mc
1105 1866 1216 1931 delata

258 1955 396 2036 rescat,
421 1953 548 2036 publice
575 1953 782 2037 possidentur
808 1953 913 2018 alieno
941 1953 1072 2018 nomine
1100 1957 1216 2018 contra

257 2040 346 2126 leges
369 2039 620 2106 Calactinorum:
648 2041 681 2105 id
703 2041 732 2105 si
758 2041 805 2106 ita
831 2045 892 2125 est,
919 2041 1017 2106 etiam
1045 2042 1114 2106 sine
1141 2063 1216 2107 mea

258 2129 536 2194 commendatione
559 2130 600 2193 ab
623 2129 784 2214 aequitate
805 2133 864 2194 tua
880 2151 932 2194 res
950 2131 1021 2214 ipsa
1040 2130 1215 2215 impetrare

258 2217 362 2301 debet,
384 2221 421 2281 ut
443 2218 474 2282 ei
496 2217 680 2300 subveniam
703 2239 832 2302 quoquo
854 2218 950 2283 modo
974 2220 1083 2282 autem
1105 2239 1139 2284 se
1161 2241 1214 2282 res

258 2305 365 2389 habet,
387 2309 462 2389 peto
486 2327 506 2368 a
528 2309 574 2390 te,
603 2309 641 2370 ut
662 2306 795 2370 honoris
817 2307 882 2370 mei
904 2327 1001 2371 causa
1023 2328 1097 2371 eum
1120 2328 1214 2391 expe·

259 2393 328 2457 dias
354 2396 546 2476 tantumque
578 2395 608 2458 ci
635 2394 817 2458 commodes
848 2397 881 2458 ct
907 2395 942 2458 in
968 2394 1030 2459 hac
1056 2416 1092 2459 re
1119 2399 1152 2459 et
1178 2397 1216 2460 in

258 2481 385 2563 ceteris,
408 2485 566 2562 quantum
587 2485 645 2545 tua
667 2481 745 2545 fides
769 2482 973 2568 dignitasque
995 2483 1150 2568 patietur:
1179 2483 1216 2548 id

258 2567 338 2632 mihi
360 2567 567 2633 vehementer
589 2572 718 2655 gratum
740 2569 809 2634 erit

512 2763 517 2774 '
642 2761 827 2829 XXXVIII.

530 2875 592 2930 dor.
611 2873 717 2930 Romae
736 2892 760 2929 a
779 2894 806 2929 u.
826 2892 848 2930 c.
869 2881 928 2930 708.

389 2995 536 3052 CICERO
554 2998 698 3054 Aofflo
718 2996 978 3053 PROCONSULI
994 2997 1078 3054 SAL.

323 3095 359 3162 L.
381 3094 543 3180 Bruttius,
571 3119 667 3181 eques
689 3098 869 3182 Romanus,
896 3099 1082 3165 adolescens
1110 3100 1213 3166 omni-

256 3185 318 3251 bus
336 3185 431 3250 rebus
451 3188 593 3271 matus,
611 3187 646 3250 in
663 3187 743 3252 meis
761 3187 1019 3252 familiarissimis
1037 3193 1082 3254 est
1098 3209 1211 3274 meque

328 3411 379 3480 Ep.
399 3418 446 3478 36,
466 3417 490 3465 2.
527 3428 613 3466 meam
634 3428 657 3467 c.
679 3413 734 3469 esti
754 3429 853 3482 moeno
876 3414 961 3481 (wll
1002 3414 1208 3471 Aumaiba'c

257 3481 395 3548 m.(W.)?
431 3498 465 3535 m.
484 3498 506 3536 c.
525 3498 560 3536 m.
578 3482 615 3536 M.
650 3481 764 3552 Ep.87.
803 3483 1209 3541 Oaaaiaoram:ia...eua

257 3551 366 3615 veniam
384 3567 407 3618 q.
427 3551 500 3618 (W.).
538 3551 568 3606 0.
596 3551 636 3606 Id
714 3554 789 3608 cado.
819 3554 849 3623 Q.
868 3554 962 3625 vulgo.
