2568 3980
373 197 634 255 urrsrouruuu
652 198 685 254 v.
706 205 730 253 2.
772 281 774 285 Ι
968 199 1030 266 121

85 365 152 428 „pro
180 347 292 410 mutuo
325 343 413 408 inter
439 364 499 408 nos
527 342 667 428 animo“,
699 343 776 430 quid
806 347 844 408 tu
870 345 1032 415 existimes

88 454 147 496 esse
166 432 200 496 in
221 432 365 497 amicitia
388 436 549 517 mutuum,
578 432 700 517 nescio,
728 432 876 517 equidem
897 433 960 498 hoc
983 455 1032 498 ar·
1120 508 1122 511 ¹

87 520 189 606 bitror,
219 543 319 605 quum
352 543 412 605 par
442 521 593 586 voluntas
625 521 781 608 accipitur
816 524 850 586 et
879 521 1032 589 redditur.

87 607 149 694 Ego
179 607 206 674 si
235 610 299 675 hoc
331 608 450 694 dicam,
481 631 532 674 me
562 613 622 674 tua
653 631 750 675 causa
779 610 1032 694 praetermisisse

87 697 281 781 provinciam,
302 696 364 775 tibi
387 697 450 782 ipsi
471 697 573 764 levior
595 696 705 762 ridear
727 719 811 783 esse3
832 719 923 762 meae
946 699 1033 764 enim

88 785 216 850 rationes
238 787 286 850 ita
308 787 454 851 tulerunt
475 789 572 871 atque
600 787 668 852 eius
691 787 755 853 mei
784 787 910 853 consilii
933 787 1032 853 maio-

87 895 144 938 rem
163 873 198 938 in
221 873 289 939 dies
313 875 458 960 singulos
480 875 623 940 fructum
640 877 903 961 voluptatemque
926 877 1033 960 capio:

88 959 155 1026 illud
177 962 264 1046 dico,
285 984 351 1046 me,
377 967 414 1027 ut
435 963 576 1048 primum
597 963 633 1027 in
656 963 811 1030 concione
832 965 1034 1049 provinciam

88 1049 291 1135 deposuerim,
313 1051 437 1136 statim,
460 1051 730 1137 quemadmodum
752 1074 824 1117 eam
845 1053 906 1117 tibi
927 1053 1033 1118 trade·

87 1159 157 1223 rem,
182 1141 327 1225 cogitare
354 1138 506 1224 coepisse.
559 1138 652 1206 Nihil
683 1142 754 1207 dico
787 1140 826 1205 de
863 1141 1032 1206 sortitione

87 1231 193 1292 restra:
215 1231 347 1292 tantum
367 1231 401 1294 te
424 1229 581 1314 suspicari
603 1231 687 1315 volo,
708 1229 848 1304 nihilin
866 1251 906 1294 ea
922 1251 958 1294 re
974 1252 1033 1314 per
1060 1294 1064 1308 ,

89 1315 233 1402 collegam
254 1338 363 1382 meum
385 1339 436 1382 me
459 1317 617 1383 insciente
644 1339 712 1384 csse
739 1318 870 1382 factum.
915 1318 1032 1384 Recor-

89 1403 151 1468 dare
174 1409 294 1470 cetera:
322 1405 506 1490 quamcito
530 1409 679 1472 senatum
700 1404 757 1490 illo
783 1407 833 1470 die
856 1406 944 1471 facta
967 1428 1033 1473 sor·

88 1491 189 1558 titione
213 1494 389 1579 codgerim,
411 1516 509 1578 quam
530 1495 635 1558 multa
656 1494 695 1559 de
717 1498 750 1558 te
773 1494 873 1559 verba
893 1494 1034 1580 fecerim,

89 1600 174 1664 quum
203 1585 243 1647 tu
273 1583 344 1666 ipse
375 1581 456 1646 mihi
487 1582 596 1646 dixisti
628 1583 808 1649 oracionem
834 1605 939 1648 meam
965 1605 1034 1650 non

90 1669 181 1734 solum
201 1669 238 1734 in
255 1671 289 1736 te
306 1669 529 1755 honorificam,
551 1670 608 1737 sed
626 1671 724 1734 etiam
746 1672 782 1735 in
800 1672 940 1757 collegas
957 1675 1033 1738 tuos

90 1757 341 1823 contumeliosam
359 1758 468 1824 fuisse.
504 1755 575 1824 Iam
592 1759 672 1823 illud
691 1764 822 1824 senatus
841 1761 1033 1845 consultum,
1051 1771 1070 1822 4

90 1844 162 1927 quod
184 1868 222 1912 eo
247 1847 298 1911 die
324 1845 533 1930 factumest,
563 1869 602 1912 ea
628 1849 881 1934 praescriptione
905 1852 966 1932 est,
988 1853 1035 1936 ut,
1148 1883 1150 1889 ·

90 1932 154 1998 dum
183 1935 217 1999 id
249 1935 402 2020 exstabit,
433 1934 576 2000 officium
607 1957 714 2001 meum
740 1937 775 2003 iu
802 1940 835 2001 te
863 1936 1035 2002 obscurum

90 2041 241 2088 essenon
266 2023 380 2108 possit.
423 2022 542 2089 Postea
568 2046 644 2090 vero
675 2045 772 2108 quam
798 2025 963 2107 profectus
991 2047 1035 2109 es,

90 2109 173 2174 velim
193 2111 376 2196 recordere,
403 2132 484 2194 quae
508 2132 569 2198 ego
593 2113 632 2178 de
654 2116 687 2178 te
709 2113 745 2176 in
768 2115 882 2176 senatu
906 2112 1035 2197 egerim,

91 2217 160 2278 quae
189 2199 225 2264 in
253 2199 463 2266 concionibus
491 2200 639 2286 dixerim,
670 2223 750 2285 quas
782 2200 823 2265 ad
849 2204 882 2264 te
909 2199 1034 2266 litteras

92 2285 230 2353 miserim:
258 2310 341 2372 quae
365 2310 464 2372 quum
487 2290 596 2354 omnia
619 2289 800 2376 collegeris,
826 2293 863 2354 tu
891 2289 959 2372 ipse
982 2310 1034 2354 ve·

92 2371 138 2437 lim
153 2377 283 2461 iudices,
305 2377 426 2442 satisne
443 2377 590 2443 videatur
608 2377 660 2443 his
679 2377 828 2443 omnibus
845 2377 1035 2462 rebustuus

94 2459 249 2548 adrentus,
281 2486 381 2549 quum
412 2467 556 2549 proxime
587 2465 727 2531 Romam
757 2467 889 2551 venisti,
924 2469 1034 2532 mutue

94 2553 291 2635 respondisse.
345 2551 438 2630 Quod
474 2553 587 2620 scribis
623 2554 664 2618 de
694 2555 902 2620 reconciliata
929 2557 1070 2638 proteat

94 2643 199 2726 nostra,
220 2662 290 2708 non
311 2642 473 2727 intelligo,
500 2663 557 2708 cur
579 2643 819 2708 reconciliatam
842 2664 912 2708 esse
939 2643 1036 2728 dicas,

95 2746 162 2809 quae
187 2752 365 2814 numquam
395 2731 567 2795 imminuta
596 2734 653 2796 est.
703 2730 795 2806 Quod
827 2730 941 2796 scribis
967 2743 1071 2798 nono

97 2819 259 2898 oportuisse
273 2817 440 2883 Metellum
461 2818 596 2884 fratrem
618 2822 711 2884 tuum
734 2820 775 2885 ob
799 2819 920 2884 dictum
942 2841 962 2883 a
984 2842 1036 2885 mc

98 2907 276 2992 oppugnari,
302 2907 442 2992 primum
469 2904 532 2974 hoc
563 2908 660 2972 velim
686 2904 861 2992 existimes,
892 2908 1037 2974 animum

98 2991 163 3058 mihi
182 2996 280 3060 istum
302 2999 396 3060 tuum
418 2992 624 3061 vehementer
645 2997 777 3080 probari
804 2999 837 3060 et
858 2995 1037 3061 fraternam
1061 3007 1063 3010 ’

98 3079 209 3159 plenam
230 3083 443 3149 humanitatis
466 3105 504 3148 ac
526 3083 656 3168 pietatis
676 3085 890 3166 voluntatem3
912 3082 1037 3165 deinde,

99 3166 195 3254 riqua
217 3193 277 3258 ego
300 3172 336 3236 in
358 3193 392 3236 re
411 3171 505 3236 fratri
521 3175 579 3246 tuo
597 3173 644 3236 rei
664 3173 811 3256 publicae
829 3193 927 3238 causa
945 3170 1037 3234 resti·

156 3395 204 3466 Ep.
223 3404 252 3466 2,
271 3405 296 3452 3.
346 3398 399 3454 cios·
421 3399 477 3468 c'pcc'
499 3397 583 3452 levior·
606 3397 762 3470 (Mart-Ira
811 3397 831 3450 t.
854 3403 912 3464 ipsc
930 3395 947 3449 l.
970 3394 1036 3451 ΜΒ.

100 3463 120 3513 4·
138 3471 345 3538 mancipatae
364 3469 430 3538 (ld).
462 3485 565 3539 persea
584 3469 630 3537 N,
648 3469 679 3522 B.
699 3499 732 3510 -
751 3473 783 3521 tu
800 3467 859 3534 ipsc
875 3466 955 3520 celim
969 3465 1037 3534 (M).

101 3533 179 3590 lumi.
195 3554 219 3593 c.
237 3539 268 3593 L.
287 3541 368 3612 conj,
386 3539 417 3593 B.
