2636 3986
234 212 300 274 418
518 210 555 265 n.
575 209 698 264 runnu
717 184 911 266 crenaorus

114 432 115 441 χ
235 377 304 422 non
326 356 465 421 multum
487 354 625 439 intersit,
646 375 684 420 cc
708 355 752 419 sis
775 354 894 440 animo,
915 377 980 440 quo
1002 307 1193 442 egoiessem,

235 446 267 599 pp
296 444 373 546 quid
403 447 441 510 tu
472 464 524 508 ms
559 462 707 528 rogares:
746 443 826 508 mihi
857 448 942 509 certe
974 447 1192 532 &cussinum

269 553 359 599 ceris.

683 723 743 790 ΙΙΙ.

500 833 559 892 Ber.
588 851 661 891 anno
689 837 795 892 incerto
824 838 922 906 (του)

519 959 647 1016 CICERO
662 959 812 1016 MEMMIO
829 960 904 1016 SAL.

302 1058 341 1126 A.
360 1059 497 1145 Fufium,
518 1081 621 1126 unum
639 1081 677 1125 ex
695 1060 775 1124 meis
793 1060 926 1144 intimis,
949 1061 1193 1130 observantissi-

234 1172 362 1217 mams
346 1149 680 1233 studiosissimumque
702 1149 821 1232 nostri,
844 1111 1005 1214 eruditum
1026 1150 1194 1218 hominem

235 1243 269 1303 et
290 1261 416 1304 summa
437 1239 640 1304 humanitate
661 1240 782 1321 tuaque
800 1237 942 1302 amicitia
958 1229 1194 1326 dignissimum,

235 1327 331 1392 velim
352 1328 400 1391 ita
421 1329 549 1410 mactes,
571 1329 609 1392 ut
630 1325 713 1390 milri
729 1345 837 1390 coram
854 1327 1015 1410 recepisti:
1037 1331 1106 1392 tam
1121 1350 1194 1415 gra·

234 1419 306 1480 tum
332 1414 412 1479 mihi
438 1414 472 1478 id
499 1377 573 1499 erit,
600 1435 698 1498 quam
721 1414 807 1498 quod
830 1415 1094 1499 gratissimum3'
1084 1439 1193 1502 ipsum

234 1505 402 1605 praeterea
424 1523 549 1568 summo
573 1502 680 1567 officio
703 1507 737 1568 et
759 1524 884 1568 summa
902 1504 1109 1570 observantia
1131 1507 1194 1571 tibi

234 1593 482 1677 inperpetuum
506 1591 695 1657 devinxeris.

679 1803 738 1870 lv.

395 1917 451 1972 Sor.
471 1917 577 1972 Itomae
595 1926 689 1971 mense
708 1915 823 1971 Octobri
841 1933 866 1970 a.
886 1934 912 1969 ιι.
932 1933 954 1970 c.
971 1921 1029 1972 709.

232 2041 269 2096 ll.
294 2039 423 2097 CICERO
446 2040 473 2096 S.
495 2040 528 2095 D.
553 2039 584 2106 Q.
607 2039 769 2095 VALERIO
792 2039 823 2106 Q.
845 2039 877 2094 F.
900 2039 1019 2096 ORCAE
1043 2041 1192 2100 LEGATO

648 2110 776 2166 PROPR.

195 2225 210 2274 1
300 2209 383 2277 Cum
404 2211 620 2296 municipibus
634 2210 858 2276 Volaterranis
880 2211 960 2275 mihi
983 2233 1107 2276 summa
1134 2235 1191 2279 ne·

233 2301 393 2366 cessitudo
425 2302 487 2383 est3
523 2320 642 2385 magno
674 2299 761 2367 enim
792 2320 864 2364 meo
896 2299 1051 2365 beneficio
1083 2300 1192 2366 affecti
1291 2307 1292 2350 ἱ

233 2389 484 2454 cumulatissime
510 2387 591 2451 mihi
616 2388 756 2472 gratiam
786 2387 994 2470 rettulerrmt3
1025 2409 1103 2452 nam
1128 2411 1192 2455 nec
1291 2427 1292 2436 ι

232 2478 268 2542 in
293 2476 472 2541 honoribus
499 2476 578 2540 meis
609 2495 664 2542 aec
691 2476 727 2540 ire
757 2475 921 2542 laboribus
950 2498 1103 2561 umquam
1136 2478 1190 2543 de·
1291 2479 1292 2548 ᾗ

232 2565 377 2629 fuerunt:
408 2585 482 2629 cum
508 2563 625 2648 quibus
652 2565 681 2628 si
706 2564 786 2628 mihi
812 2565 904 2629 nulla
930 2585 1028 2629 causa
1053 2565 1190 2632 interce·

232 2653 331 2737 deret,
352 2655 476 2737 tamen,
499 2652 585 2737 quod
606 2655 640 2718 ta
662 2653 943 2718 vehementissime
965 2652 1064 2738 diligo
1088 2655 1190 2738 quod·

233 2763 294 2827 que
317 2763 368 2808 me
391 2763 411 2806 a
432 2745 466 2806 te
487 2742 618 2826 plurimi
640 2741 842 2825 dementia,
864 2744 1080 2806 tmonerem
1103 2746 1191 2808 teet

231 2832 393 2915 hortarer,
419 2834 457 2897 ut
483 2851 595 2896 eorum
616 2830 757 2897 fortunis
779 2830 976 2914 consuleres,
997 2831 1190 2914 praesertim

233 2941 332 3006 quum
358 2941 458 3005 prope
485 2921 692 3004 praecipuam
721 2940 853 2984 causam
883 2917 1042 2983 haberent
1068 2920 1147 2984 ad
1136 2941 1188 2984 ms

233 3007 460 3076 obtinendum.
482 3007 622 3092 primum
644 3008 731 3092 quod
749 3005 874 3071 Sullam
894 3007 1050 3092 temporis
1068 3007 1188 3072 acerbi-

232 3103 334 3165 tatem
356 3098 489 3163 deorum
511 3096 742 3162 immortalium
763 3095 964 3181 benignitate
987 3095 1187 3181 subterfuge·

232 3192 322 3273 runt,
295 3185 464 3253 tdeinde
487 3185 573 3270 quod
595 3207 720 3250 summo
743 3184 849 3249 studio
872 3183 984 3268 populi
1005 3183 1145 3249 Romani
1168 3206 1187 3248 a
1291 3219 1292 3234 ι

198 3297 284 3346 ame
306 3277 341 3342 in
364 3276 533 3342 consulatu
556 3294 627 3339 meo
652 3273 775 3337 defensi
798 3275 886 3355 sunt3
909 3293 1009 3355 quum
1026 3273 1109 3337 etaim
1130 3273 1186 3336 tri·

233 3365 313 3429 buni
334 3365 422 3449 plebi
443 3365 549 3449 legem
561 3361 796 3446 iniquissimam
814 3360 853 3425 de
876 3381 987 3425 eorum
1005 3361 1091 3446 agris
1114 3381 1185 3445 pro·

304 3553 356 3622 Ep.
376 3561 440 3621 4,2.
472 3553 726 3624 saniequmuum
745 3556 778 3605 tr.
797 3551 882 3619 (W.)?
918 3555 1111 3606 auatcumtr.
1130 3549 1167 3604 n.
