2636 3986
374 255 634 313 EPISTOIARUM
652 257 727 313 XIII.
746 263 859 316 44-48.
1024 255 1090 322 457

555 449 673 539 x‘nm.
724 437 725 440 ‘

429 573 485 630 Sor.
499 575 605 631 Romcm
619 593 643 630 a.
658 593 685 631 m
700 594 723 632 o.
738 581 800 632 699.

394 697 522 755 CICERO
549 699 731 772 APPULEIO
760 697 836 755 SAL.

203 785 240 854 L.
252 785 388 856 Nostius
407 788 515 856 Zoilus
534 794 584 856 est
602 790 733 856 coheres
751 811 852 874 meus,
872 788 966 856 heres
985 792 1093 856 autem

135 878 267 1030 Slatroni
285 878 348 944 aui:
371 900 409 942 ea
431 900 466 943 re
484 881 655 962 utrumque
674 879 797 964 scripsi,
816 881 854 943 nt
871 882 904 943 et
921 878 1001 944 mihi
1021 899 1095 944 oum

173 987 192 1030 ο
216 987 347 1030 oausam
370 967 528 1031 amicitiae
552 967 649 1030 scires
676 988 745 1032 esse
774 970 807 1031 et
828 967 993 1032 hominem
1019 988 1094 1051 pro·

136 1054 215 1118 bum
239 1053 450 1139 existimares,
474 1055 528 1138 qui
550 1055 680 1139 patroni
701 1055 819 1119 iudicio
844 1057 977 1119 ornatus
1000 1057 1094 1119 esset.

138 1230 246 1295 domo:
269 1231 362 1295 valde
384 1230 465 1296 mihi
484 1235 612 1316 gratum
631 1230 701 1315 ent,
724 1231 751 1296 si
770 1231 900 1315 curaris,
921 1233 960 1294 ut
976 1229 1095 1294 intelli-

138 1322 196 1404 gat
217 1318 302 1384 hanc
324 1319 636 1384 commendationem
659 1319 720 1384 sibi
743 1319 828 1406 apud
851 1322 884 1385 te
901 1340 1021 1406 magno
1040 1317 1096 1383 ed·

9 1419 26 1444 ’·’
138 1406 282 1474 iumento
304 1408 414 1474 fuisse.

549 1581 684 1656 XLVII.

408 1742 411 1750 ,
483 1688 540 1744 Sor.
561 1705 586 1742 a.
604 1706 631 1742 u.
651 1705 673 1743 c.
695 1695 754 1744 703.

441 1811 570 1867 CICERO
598 1809 693 1866 SILIO
718 1811 795 1866 SAL.

207 1900 291 1978 Ouid
314 1923 374 1988 ego
401 1903 462 1967 tibi
490 1902 709 1967 commendem
737 1923 823 1985 enm,
849 1920 945 1986 quem
966 1903 1003 1965 tu
1025 1901 1096 1984 ipse

140 1990 271 2076 diligis?
303 1990 359 2054 sed
381 1995 500 2072 tamen,
522 1993 560 2054 ut
583 1991 679 2054 scires
702 2011 776 2054 eum
799 2012 819 2054 a
840 2010 893 2053 me
914 2009 982 2054 non
1005 1987 1097 2074 diligi

141 2080 261 2162 solum,
283 2100 395 2143 verum
418 2079 515 2142 etiam
538 2079 654 2162 amari,
681 2079 722 2143 ob
737 2099 822 2142 eam
844 2099 912 2141 rem
934 2077 995 2140 tibi
1016 2076 1097 2141 haee

141 2167 261 2231 scribo:
289 2166 433 2231 omnium
454 2170 585 2232 tuorum
608 2166 801 2250 officiorum,
827 2184 909 2250 quae
936 2168 969 2228 ct
995 2165 1098 2228 multa

142 2257 176 2318 et
208 2273 328 2356 magna
361 2257 450 2356 sunt,
485 2254 565 2320 mihi
596 2255 815 2356 gratissimum
845 2252 956 2338 fuerit,
993 2253 1020 2317 si
1051 2252 1099 2316 ita

139 2342 500 2445 tractansEgnatmm,
522 2346 560 2407 nt
583 2346 703 2408 sentiet
724 2346 757 2407 et
779 2363 812 2444 se
836 2363 856 2406 a
878 2361 929 2406 me
951 2343 985 2406 et
1003 2361 1055 2444 me
1078 2362 1099 2404 a

139 2435 328 2604 latta
351 2431 977 2585 tlt?tttlttatltdtt
998 2433 1100 2604 llll

141 2608 269 2692 vulgari
295 2608 529 2674 consolatione:
557 2609 666 2693 ,‚quid‚
693 2609 721 2712 si
746 2608 810 2673 hoo
836 2605 991 2672 melius?“
1035 2603 1098 2671 Sed

141 2694 223 2759 haec
237 2717 365 2796 ⁸coram:
388 2699 427 2798 tn
446 2697 512 2782 iac,
535 2696 621 2780 quod
644 2697 738 2781 facis,
759 2700 797 2761 ut
818 2717 870 2760 me
893 2716 980 2760 ames
1002 2698 1099 2778 teque

143 2805 246 2849 aman
267 2807 287 2849 a
309 2807 360 2850 me
384 2805 475 2850 selas.

544 2958 695 3026 XLVIII.

391 3061 448 3117 Ser.
467 3077 540 3118 anno
558 3063 665 3119 lacerto
687 3065 762 3133 (post
780 3065 850 3132 704).

162 3185 206 3240 M.
226 3185 353 3242 CICERO
373 3185 401 3242 O.
421 3185 590 3242 SEXTILIO
609 3187 706 3242 RUFO
726 3187 933 3253 QUAESTORI
952 3185 1028 3241 SAL.
1046 3183 1079 3242 D.

211 3275 331 3342 Omnes
353 3278 414 3342 tibi
437 3277 625 3342 commendo
649 3275 798 3362 Cyprios,
825 3277 881 3342 sed
908 3277 1012 3361 magis
1038 3275 1099 3340 Pa

141 3365 252 3450 phiec,
284 3365 400 3451 quibus
430 3368 468 3430 tu
500 3386 718 3449 quaecumque
751 3365 978 3449 commodaris,
1003 3367 1100 3429 erunt

214 3521 265 3592 Ep.
281 3528 323 3577 46.
351 3523 410 3576 soi:
427 3537 460 3576 eo
474 3527 602 3576 ...essct
629 3521 705 3575 Eam
786 3521 880 3576 domm
894 3536 918 3574 o.
934 3519 1009 3588 (Ν).
1044 3520 1098 3576 aa

141 3590 192 3648 Ea
270 3597 350 3648 esset:
367 3609 428 3647 eccm
507 3592 593 3647 deinc.
627 3591 658 3646 V.
677 3592 770 3665 vulgo.
