2578 3978
257 235 300 300 30
539 234 578 290 M.
596 232 720 289 TULLII
740 233 930 290 CICERONIS

256 379 430 462 actionum,
452 378 694 462 sententiarum,
715 379 1058 462 voluntatumrerum
1076 377 1224 462 denique

256 467 402 533 omnium
420 467 543 531 socium
561 465 773 550 comitemque
790 466 934 550 habebis,
955 487 1060 551 neque
1078 465 1165 531 mihi
1186 467 1225 531 in

257 556 346 622 omni
363 555 500 619 vitares
518 557 586 618 tam
605 555 667 618 erit
685 553 752 618 ulla
769 555 944 638 proposita,
966 575 1063 638 quam
1080 557 1120 618 ut
1140 575 1224 639 quo-

255 643 334 708 tidie
360 642 582 708 vehementius
607 645 641 706 te
669 641 708 706 de
735 663 787 706 me
814 642 936 726 optime
967 642 1118 707 meritum
1150 663 1225 706 esse

204 744 237 793 23
255 732 384 796 laetere.
429 729 523 806 Quod
544 750 655 816 rogas,
687 733 725 796 ut
753 751 826 795 mea
847 730 908 794 tibi
936 731 1056 814 scripta
1077 731 1224 814 mittam,

157 875 158 880 ,
257 841 339 904 quae
353 821 429 903 post
441 818 616 883 discessum
635 821 728 882 tuum
749 819 939 902 scdpsrrim,
957 822 1034 884 sunt
1051 819 1225 884 orationes

257 907 428 992 quaedam,
455 927 536 990 quas
563 905 742 971 Menocrito
765 906 863 991 dabo,
889 927 994 990 neque
1015 907 1063 971 ita
1084 907 1223 990 multae,

257 1017 298 1060 ne
320 995 538 1078 pertimescas.
562 1019 565 1024 ·
581 992 702 1078 Scripsi
724 994 823 1058 etiam
836 1029 879 1042 —-
892 1015 970 1059 nam
997 995 1039 1058 ab
1062 995 1223 1060 orationi-

256 1083 318 1148 bus
350 1081 484 1167 diiungo
516 1102 568 1146 me
603 1082 671 1146 fers
702 1081 870 1165 referoque
907 1083 949 1146 ad
980 1083 1223 1148 mansuetiores

256 1170 381 1254 Musas,
409 1191 491 1254 quae
517 1191 569 1234 me
590 1187 673 1234 cunc
700 1170 853 1253 maxime,
876 1171 959 1235 sieut
980 1171 1046 1234 iam
1068 1193 1089 1235 a
1111 1171 1223 1255 prima

256 1258 474 1324 adolescentia
496 1257 698 1322 delectarunt
710 1293 754 1306 -
768 1257 881 1342 scripsi
902 1259 1003 1343 igitur
1023 1257 1220 1324 Aristotelio

256 1367 359 1430 more,
388 1345 658 1429 quemadmodum
680 1345 808 1429 quidem
830 1346 931 1430 volui,
958 1350 1024 1411 tres
1045 1347 1157 1412 libros
1185 1347 1220 1411 in

257 1433 475 1517 disputatione
498 1453 537 1496 ae
560 1432 688 1518 dialogo
714 1433 771 1516 „de
795 1433 948 1517 oratore“,
971 1455 1052 1518 quos
1075 1435 1222 1500 arbitror

239 1520 396 1586 ‘Lentulo
422 1523 481 1584 tuo
507 1519 577 1584 fore
604 1541 673 1585 uon
700 1521 844 1606 inutiles,
878 1521 1055 1587 abhorrent
1081 1524 1173 1588 enim
1200 1544 1221 1586 a

257 1608 481 1674 communibus
508 1609 687 1692 praeceptis
719 1611 816 1692 atque
842 1631 972 1674 omnem
998 1610 1220 1694 antiquorum,

257 1700 291 1761 et
311 1695 535 1760 Aristoteliam
564 1698 598 1760 et
623 1695 826 1780 Isocratiam,
852 1698 1012 1762 rationem
1039 1698 1219 1764 oratoriam

257 1785 523 1868 complectuntur.
568 1781 690 1868 Scripsi
716 1785 814 1848 etiam
845 1786 989 1850 versibus
1020 1789 1088 1850 tres
1116 1787 1219 1851 libros

257 1873 297 1937 de
318 1871 519 1957 temporibus
541 1872 631 1955 meir,
653 1892 734 1955 quos
756 1873 822 1936 iam
843 1873 969 1956 pridem
991 1872 1033 1937 ad
1054 1877 1089 1938 te
1113 1875 1217 1939 misis-
1275 1915 1276 1967 ἰ

258 1981 334 2045 sem,
358 1960 386 2024 si
409 1979 478 2024 esse
501 1959 641 2024 edendos
670 1962 836 2044 putassem
850 1995 892 2007 -—
907 1965 984 2025 sunt
1005 1961 1094 2026 enim
1116 1965 1217 2027 testes

258 2051 292 2113 et
323 2049 420 2112 erunt
450 2047 637 2132 sempiterni
669 2047 857 2112 meritorum
891 2068 970 2133 erga
1001 2070 1052 2114 me
1083 2052 1216 2117 tuorum

256 2157 409 2220 meaeque
431 2135 562 2220 pietatis
575 2171 628 2219 -,
650 2134 715 2219 sed,
738 2136 814 2219 quia
833 2135 968 2200 verebar
985 2158 1053 2202 uon
1072 2159 1140 2223 eos,
1163 2136 1216 2222 qui
1274 2189 1275 2216 q

257 2245 292 2290 se
314 2226 419 2289 laesos
441 2223 675 2287 arbitrarentur
697 2223 881 2287 -etenim
907 2224 941 2287 id
967 2224 1031 2288 feei
1057 2247 1157 2309 parce
1185 2227 1217 2288 et
1274 2219 1275 2237 ¹

256 2312 398 2376 molliter
420 2345 477 2393 -‚
499 2309 556 2373 sed
583 2330 652 2392 eos,
675 2330 756 2392 quos
783 2313 853 2374 erat
878 2311 1043 2376 infinitum
1069 2311 1216 2379 beneda

257 2419 308 2462 me
331 2397 464 2462 meritos
492 2417 604 2461 omnes
626 2396 861 2479 nominare**3
891 2420 972 2482 quos
993 2403 1107 2465 tamen
1128 2402 1216 2486 ipsos

254 2485 367 2569 libros,
389 2484 418 2549 si
440 2505 545 2568 quem,
567 2484 618 2549 oui
640 2486 727 2549 recte
745 2486 953 2570 committam,
975 2487 1142 2575 invenero,
1164 2509 1215 2552 cu·
1273 2473 1274 2509 ³

256 2573 336 2637 rabo
360 2570 402 2637 ad
423 2573 457 2635 te
478 2571 696 2656 perferendos.
741 2571 849 2656 Atque
871 2573 968 2638 istam
991 2576 1124 2659 quidem
1145 2597 1216 2660 par·

256 2665 324 2726 tem
354 2660 441 2725 vitas
472 2658 776 2743 consuetudinisque
811 2664 943 2725 nostrae
973 2665 1079 2729 totam
1112 2665 1154 2729 ad
1183 2665 1215 2724 te

257 2748 380 2813 defero:
404 2749 562 2830 quantum
583 2747 710 2831 litteris,
731 2751 889 2831 quantum
907 2749 1032 2835 studiis,
1053 2751 1215 2817 veteribus
1272 2758 1273 2781 ¹

327 2919 380 2989 Ep.
399 2927 425 2987 9,
439 2925 482 2973 23.
515 2920 625 2986 madae,
642 2920 940 2988 nepertimescce‘ffll.
977 2939 1029 2988 m.,·
1045 2941 1122 2994 nep.
1141 2924 1213 2978 B.-

257 3007 322 3046 aom
341 2991 376 3044 ab
395 3005 434 3044 cr.
453 2990 568 3059 diiwepo
586 3006 627 3044 me
644 2991 700 3057 fere
718 2989 848 3059 (Graes).
884 3007 950 3046 uam
969 2995 1051 3049 aiom
1076 2997 1112 3052 ab
1132 3011 1170 3050 or.
1187 2991 1213 3046 d·
1271 3003 1272 3053 l

257 3059 590 3130 flM1(d.mes.M2).
627 3077 692 3114 nom
716 3077 756 3114 me
777 3061 835 3114 r'cm
852 3061 887 3114 ot
906 3063 987 3117 cad.
1006 3064 1027 3130 f.
1047 3064 1108 3133 Or,
1127 3065 1157 3120 Β.
1181 3089 1211 3102 ·-

257 3147 328 3201 quac
340 3146 381 3184 mc
389 3145 465 3183 auae
477 3131 602 3196 marim,
620 3131 692 3184 siem
706 3129 772 3199 (W).
809 3145 833 3198 q.
851 3146 892 3185 me
904 3134 1023 3188 mameae
1036 3136 1110 3190 aaut
1122 3133 1213 3202 vulgo.

258 3231 292 3242 -
311 3201 395 3255 Iatros
412 3201 444 3254 iu
462 3199 532 3267 disp.
552 3216 585 3254 ac
602 3201 710 3269 diodoro
729 3201 779 3267 „de
796 3204 920 3256 crotorr‘
938 3203 997 3274 (Μ).
1039 3206 1058 3258 l.
1078 3206 1123 3278 [ἐκ
1139 3205 1164 3259 d.
1182 3215 1216 3254 cc
1270 3251 1271 3270 q

257 3272 286 3327 d.
322 3272 355 3326 de
376 3287 416 3325 cr.
439 3269 656 3340 Memmi-Lep,
675 3271 706 3323 B.
743 3271 827 3324 libros
852 3271 906 3343 [ia]
929 3273 956 3328 d.
979 3290 1014 3329 co
1034 3277 1062 3330 d.
1086 3279 1137 3342 „dc
1158 3272 1212 3328 or.“
1270 3277 1271 3325 l

322 3348 389 3394 ’ὶ-
412 3346 492 3410 atquc
510 3355 612 3394 omnem
631 3340 697 3409 (W).
734 3341 768 3394 ab
787 3355 890 3395 omnem
911 3341 970 3396 Ml.
1007 3349 1033 3398 et
1051 3362 1075 3400 ο.
1094 3347 1165 3411 Mn,
1183 3341 1211 3394 B·

259 3410 903 3481 -eed,quio....nominore*·;pcos(w).
930 3414 1211 3484 sed,qaia...aom·,
1269 3463 1270 3470 ,

258 3482 338 3536 nolui
356 3481 411 3549 (vel
424 3481 507 3550 octus)
527 3481 675 3550 divulgari,
711 3495 760 3535 uos
777 3481 824 3536 vel
840 3482 930 3538 simile
945 3483 1055 3553 aliquid
1070 3487 1136 3557 (W).
1168 3479 1215 3536 secl
1269 3477 1270 3486 ’

260 3551 351 3624 [quic]
431 3567 471 3619 n.;
487 3565 555 3620 quos
573 3549 666 3620 Gron,
684 3497 715 3606 d.
979 3555 981 3558 ’
