2578 3982
246 197 313 262 650
503 192 682 250 epistota
700 193 733 259 Q.
751 191 942 248 CICERONIS

245 362 284 408 ee
305 340 451 424 nomine,
479 339 534 424 qui
557 339 683 405 etiamsi
706 337 903 424 suffragandi
926 337 1045 402 studia
1067 357 1151 402 non
1173 358 1228 400 na-
1253 405 1254 410 ,

245 433 338 513 vent,
364 433 475 494 temen
497 429 636 492 efferunt
658 427 789 511 petitori
810 426 932 509 aliquid
956 425 1166 510 dignitatis,
1190 425 1227 488 ud
1253 479 1254 506 ἦ

245 519 296 582 ius
333 516 545 583 obtinendum
579 516 803 600 magistratus,
837 535 876 578 er
912 513 1039 596 quibus
1078 513 1227 578 maxime
1253 525 1254 566 l

244 605 408 687 eonsules,
430 603 544 669 deinde
567 603 690 668 tribuni
711 604 769 686 pl,
791 602 832 667 ed
854 601 1086 666 oonfieiendas
1113 605 1226 666 nentri·

245 693 310 758 rias
333 690 480 758 homines
503 691 671 758 excellenti
693 691 808 776 gratia.
851 689 914 764 Qui
939 690 1000 754 ebs
1033 693 1073 753 te
1099 690 1224 754 tribum

246 785 304 846 aut
326 780 504 846 centuriam
525 783 583 845 aut
605 778 735 862 aliquod
764 777 954 844 beneficium
978 780 1045 842 aut
1073 777 1224 842 habeant

247 871 304 934 aut
326 871 470 952 sperent,
496 889 552 932 eos
574 887 706 951 prorsus
733 886 854 951 magno
876 885 974 948 opere
997 869 1038 930 et
1063 886 1222 950 compara

246 959 281 1022 et
302 955 470 1038 confirma3
492 976 569 1020 nam
591 976 648 1038 per
670 955 730 1020 hos
749 975 853 1018 annos
872 953 1028 1018 homines
1050 955 1221 1019 ambitiosi

246 1044 454 1110 vehementer
480 1043 569 1110 omni
601 1043 708 1107 studio
736 1045 833 1126 atque
860 1061 959 1125 opera
987 1041 1220 1124 elaborarunt,

246 1135 284 1196 ut
306 1135 440 1216 possent
462 1153 483 1196 a
503 1130 676 1196 tribulibus
699 1130 766 1197 suis
787 1151 840 1213 ea,
862 1149 945 1212 quae
965 1132 1146 1214 peterent,
1167 1131 1219 1194 im·

245 1223 386 1304 petrare:
408 1219 469 1284 hos
491 1222 529 1284 tu
550 1218 713 1301 homines,
734 1217 988 1300 quibuscumque
1011 1219 1154 1301 poteris
1174 1241 1218 1282 ra-

246 1308 404 1391 tionibus,
431 1310 469 1371 ut
491 1329 530 1371 ex
553 1307 661 1372 animo
684 1309 781 1388 atque
804 1326 842 1370 ex
863 1305 920 1370 illa
942 1325 1081 1370 summa
1106 1308 1217 1371 volun·

206 1415 233 1454 re
246 1398 314 1460 tete
331 1395 381 1460 tui
399 1394 534 1460 studiosi
552 1395 628 1478 sint,
650 1394 824 1459 elaborato.
860 1391 952 1468 Quod
971 1393 1002 1456 si
1022 1394 1117 1460 satis
1138 1397 1215 1480 grati

92 1485 93 1488 ’
198 1530 202 1542 ,
246 1482 393 1548 homiues
416 1486 537 1564 essent,
563 1482 644 1547 haee
665 1481 726 1546 tibi
749 1481 859 1546 omnia
880 1483 997 1564 parata
1019 1501 1101 1546 esse
1129 1483 1214 1547 debe

246 1570 340 1651 bant,
370 1569 464 1634 siouti
491 1571 605 1652 parata
628 1591 699 1634 esse
719 1569 860 1651 eonfid03
886 1568 1057 1634 namhoc
1084 1571 1213 1636 biennio

247 1660 400 1741 quattuor
422 1657 610 1724 sodalitates
640 1657 807 1722 hominum
834 1656 876 1721 ed
899 1656 1126 1724 ambitionem
1151 1682 1212 1744 gra·

245 1745 501 1811 tiosissimorum'
515 1745 576 1810 tibi
599 1745 759 1830 obligasti,
781 1743 825 1810 M.
844 1743 1018 1828 Fundanii,
1042 1745 1087 1820 Q.
1113 1746 1211 1831 Gellii,

246 1831 281 1900 O.
304 1831 454 1916 Cornelii,
476 1831 510 1898 (l.
530 1831 683 1898 Orchivii:
706 1833 823 1900 horum
844 1833 880 1897 in
902 1833 1017 1897 causis.
1033 1835 1083 1899 ad
1108 1840 1144 1900 te
1166 1837 1210 1899 de

246 1921 387 1986 ferendis
410 1921 488 2006 quid
509 1921 569 1986 tibi
592 1942 703 1986 eorum
726 1921 852 1987 sodales
870 1921 1056 2004 recoperint
1081 1927 1119 1986 et
1141 1945 1211 1989 eon·

245 2009 414 2094 firmarint,
436 2009 517 2092 seio,
539 2029 616 2074 nam
638 2008 785 2091 interfui3
808 2029 907 2093 quare
924 2008 986 2072 hoe
1006 2009 1074 2074 tibi
1093 2011 1208 2076 facien-

246 2097 324 2162 dum
346 2101 404 2181 est,
424 2097 488 2162 hoe
509 2101 654 2180 tempore
676 2099 715 2160 ut
731 2097 773 2160 eb
791 2097 831 2160 iis
850 2095 936 2179 quod
954 2096 1084 2162 debent
1104 2102 1209 2186 exiges

246 2205 342 2269 saepe
365 2185 608 2268 commonendo,
629 2185 785 2268 rogando,
808 2184 1040 2268 confirmando,
1063 2189 1208 2252 curando

245 2276 283 2338 ut
305 2273 492 2358 intelligant
513 2273 639 2338 nullum
661 2275 788 2357 tempus
812 2273 899 2337 aliud
918 2293 952 2336 se
969 2294 1135 2357 umquam
1156 2277 1206 2341 ha-

245 2360 370 2426 bituros
393 2361 579 2427 referendae
603 2360 739 2446 gratiae:
761 2360 907 2444 profecto
927 2361 1082 2426 homines
1103 2368 1139 2428 et
1156 2387 1205 2448 spe

245 2448 442 2530 reliquorum
468 2453 598 2512 tuorum
631 2448 811 2513 officiorum
837 2453 871 2512 et
904 2445 991 2534 [iam]
1020 2453 1206 2517 reeentibus

206 2563 232 2603 ao
246 2534 408 2600 benefieiis
436 2534 476 2599 ad
504 2535 646 2600 studium
667 2536 853 2601 navandum
880 2537 1123 2604 excitabuntur.
1166 2541 1206 2606 nt

246 2623 388 2707 omnino,
410 2623 564 2707 quoniam
584 2645 621 2689 eo
641 2645 758 2708 genere
776 2625 990 2690 amicitiarum
1007 2627 1130 2709 petitio
1153 2632 1207 2692 tua

245 2713 383 2778 maxime
406 2712 532 2778 munita
554 2715 617 2794 est,
647 2713 733 2795 quod
756 2733 794 2776 ex
817 2733 985 2778 causarum
1009 2713 1205 2780 defensioni·

245 2799 306 2864 bus
334 2801 468 2883 adeptus
497 2821 545 2884 es,
576 2800 642 2882 fae,
673 2803 711 2864 ut
737 2801 834 2883 plane
859 2801 900 2865 iis
927 2800 1094 2886 omnibus,
1127 2825 1205 2887 quos

246 2887 412 2952 derinatos
443 2891 548 2971 tenes,
583 2886 780 2973 descriptum
815 2909 854 2954 aa
884 2889 1077 2972 dispositum
1112 2913 1205 2956 sumn

317 3097 342 3160 t,
358 3098 399 3149 18.
436 3099 487 3148 out
508 3095 626 3150 habeant
648 3101 698 3150 aut
719 3101 826 3165 sperem
848 3095 924 3164 (Ν).
969 3097 1204 3154 uetustatem

244 3179 285 3232 ep.
304 3162 363 3218 nrt
409 3170 459 3219 aut
476 3166 501 3219 b.
521 3171 571 3220 aut
592 3167 689 3221 tubere
711 3182 751 3235 ep.
776 3167 817 3220 ed.
841 3167 927 3220 Turn.
972 3173 1023 3220 aut
1046 3169 1073 3220 a
1091 3176 1145 3224 aut
1161 3171 1204 3252 [ut

244 3233 431 3373 utute
445 3235 1204 3382 erretuulltffllttueeuu?

245 3375 325 3458 elaad
342 3380 360 3428 t.
380 3375 437 3430 Erf.
466 3375 604 3458 (sednon.
623 3381 670 3446 ee),
687 3377 718 3456 B:
747 3407 783 3418 -·
808 3382 834 3432 et
852 3377 930 3448 [iam]
953 3378 1107 3435 recentibus
1129 3383 1199 3450 (W.).

245 3449 327 3500 asam
344 3461 396 3501 ree.
415 3445 482 3514 Eri,
503 3447 553 3502 alu
571 3447 633 3530 ⁰d‘l·
679 3452 744 3504 etr.
763 3447 806 3502 ed.
824 3447 938 3517 Boron,
957 3447 988 3504 B.
1034 3455 1078 3506 20.
1105 3452 1200 3509 daut

244 3520 324 3584 emm
343 3515 422 3587 (nrt,
442 3517 547 3590 vulgo).
584 3518 665 3574 duur.
684 3517 838 3586 Bfleheler„
852 3518 883 3573 B.
