2568 3980
201 234 264 300 156
483 234 519 291 M.
540 233 663 290 TULLII
682 233 876 290 mesconis

199 400 313 465 pacem
335 378 480 464 accipere
502 379 602 443 malui
625 401 722 464 quam
744 379 866 445 viribus
889 401 962 444 cum
980 381 1162 447 valentiore

199 488 355 553 pugnare.
401 469 462 533 Sed
489 467 629 532 ethaeo
657 470 690 530 et
715 469 819 532 multa
846 468 910 533 alia
937 490 1046 533 coram
1068 470 1161 535 brevi

164 560 346 640 stempore
377 556 496 622 licebit.
550 554 663 639 Neque
694 578 746 620 me
777 559 888 621 tamen
919 558 987 622 ulla
1012 579 1063 622 res
1096 559 1161 622 alia

200 645 323 711 Romae
350 648 442 710 tenet
472 644 537 709 nisi
568 645 765 729 exspectatio
797 665 904 710 rerum
931 645 1162 712 Africanarum

201 770 243 780 —
265 733 393 798 ridetur
416 733 502 798 enim
529 732 610 797 mibi
635 754 687 797 res
714 733 749 797 in
775 734 993 819 propinquum
1022 735 1161 800 adducta

201 822 442 888 discrimen—
400 845 457 905 —3
483 825 564 907 puto
592 825 700 886 autem
727 844 800 886 mea
826 823 977 887 nonnihil
1004 822 1162 889 interesse

201 945 244 958 -
259 931 456 994 quamquem
477 910 543 975 id
532 931 648 994 ipsum,
671 910 749 994 quid
770 910 906 994 intersit,
928 932 996 976 non
1015 933 1093 976 sane
1110 913 1161 976 in·

199 999 379 1084 telligo-
384 1002 657 1083 ,verumtamem
684 999 839 1084 quidquid
861 963 951 1063 illinc
973 991 1163 1065 nuntiatum

201 1086 253 1171 sit,
270 1109 340 1152 uon
353 1088 451 1173 longe
466 1087 578 1151 abesse
597 1109 617 1150 c
630 1087 773 1152 consiliis
792 1088 983 1169 amicorum,
1006 1092 1056 1152 est
1073 1089 1161 1154 enim

199 1197 252 1241 res
270 1176 336 1241 iam
353 1177 390 1240 in
408 1198 482 1241 eum
499 1176 607 1241 locum
625 1176 743 1241 adduct
728 1180 772 1262 ta,
793 1180 840 1260 ut,
863 1198 1059 1262 quamquam
1079 1179 1161 1242 mul·

199 1268 271 1330 tum
293 1265 423 1330 intersit
444 1265 531 1329 inter
555 1285 667 1329 eorum
689 1286 817 1351 causas,
844 1266 900 1349 qui
922 1265 1089 1350 dimicant,
1111 1269 1162 1331 ta·

201 1373 277 1417 men
303 1354 389 1418 inter
415 1353 567 1418 victorias
594 1374 663 1418 nou
688 1355 827 1419 multum
849 1355 1080 1418 interfuturum
1102 1377 1162 1438 pu·

200 1444 276 1506 tem.
322 1439 385 1506 Sed
407 1443 504 1525 plane
528 1441 668 1526 animus,
695 1443 752 1527 qui
774 1442 879 1507 dubiis
902 1443 998 1507 rebus
1020 1443 1160 1507 forsitan

200 1529 300 1594 fuerit
321 1529 489 1614 infirmior,
511 1529 688 1614 desperatis
707 1531 917 1596 confirmatus
938 1534 987 1595 est
1009 1532 1162 1614 multum,

201 1639 298 1702 quem
325 1619 423 1682 etiarn
449 1622 525 1684 tuae
553 1618 733 1702 superiores
764 1620 891 1684 litterae
919 1620 1161 1704 confirmarunt,

201 1707 318 1790 quibus
336 1707 490 1792 intellexi,
508 1728 605 1790 quam
622 1706 751 1772 fortiter
767 1709 920 1773 iniuriam
937 1709 1047 1792 ferres,
1064 1709 1161 1774 iuvit·

202 1816 264 1879 que
296 1816 348 1860 me
378 1796 440 1861 tibi
476 1817 576 1880 quum
611 1817 770 1862 summam
804 1797 1054 1880 humanitatem,
1088 1800 1161 1861 tum

202 1885 300 1949 etiam
322 1888 396 1950 tuas
418 1884 544 1949 litteras
565 1884 740 1969 profuisse3
766 1906 877 1951 verum
899 1887 985 1951 euim
1008 1885 1161 1950 scribam:

200 1974 362 2039 teneriore
389 1973 469 2038 mihi
496 1973 605 2038 animo
632 1973 795 2058 videbare,
827 1975 910 2039 sicut
941 1995 1052 2039 omues
1082 1975 1163 2060 fere,

204 2063 266 2166 qui
282 2063 415 2128 vitam
404 2083 581 2148 ingenuam
598 2062 635 2127 in
652 2063 749 2127 beata
771 2063 953 2128 civitatet
920 2085 937 2127 e
974 2063 1041 2142 tin
1058 2063 1162 2127 libera

167 2151 355 2236 tviximur3
377 2152 442 2235 sed,
463 2155 502 2216 ut
522 2151 580 2216 illa
602 2151 743 2216 secunda
764 2151 927 2216 moderate
949 2152 1091 2235 tulimus,
1114 2151 1162 2216 sic

202 2239 288 2304 hanc
318 2262 388 2306 non
415 2241 520 2306 solum
547 2239 729 2323 adversam,
760 2241 816 2305 sed
841 2240 950 2304 fundit
936 2244 988 2304 tus
1016 2261 1162 2304 eversam

202 2329 369 2393 fortunam
390 2328 520 2393 fortiter
541 2327 625 2391 ferre
649 2327 815 2413 debemus,
844 2332 881 2394 ut
902 2328 965 2393 hoc
988 2328 1134 2393 saltem
1124 2349 1160 2391 m

202 2416 351 2480 maximis
368 2415 462 2479 malis
479 2415 559 2480 boui
577 2436 820 2502 consequamur,
842 2420 878 2481 ut
895 2421 1041 2502 mortem,
1064 2439 1161 2501 quarn

203 2503 302 2568 etiam
324 2504 412 2569 beati
431 2506 636 2569 contemnere
655 2505 858 2589 debebamus
880 2508 1052 2590 propterea
1074 2505 1162 2589 quod

202 2592 330 2656 nullum
352 2613 483 2657 sensum
506 2595 591 2656 essct
612 2593 772 2677 habiture,
794 2615 881 2658 nunc
900 2594 946 2658 sic
964 2594 1070 2659 affecti
1092 2615 1162 2657 non

167 2680 300 2766 amodo
319 2684 525 2746 contemnere
544 2681 726 2766 debeamus,
745 2682 801 2746 sed
820 2683 917 2746 etiam
935 2685 1057 2766 optare.
1102 2681 1163 2766 Tu,

203 2769 233 2833 si
262 2790 314 2834 me
347 2769 469 2855 diligis,
503 2769 611 2834 fruere
642 2770 706 2834 isto
743 2771 809 2836 otio
845 2770 967 2854 tibique
1003 2770 1162 2855 persuade

198 2858 331 2941 praeter
359 2859 486 2942 culpam
513 2879 552 2923 ac
578 2863 759 2943 peccatum,
786 2880 851 2943 qua
878 2880 1003 2944 semper
1029 2858 1162 2923 caruisti

274 3083 326 3154 Ep.
345 3090 392 3153 21,
412 3091 436 3140 3.
473 3085 593 3153 Afr—
610 3087 760 3142 videtum..
772 3087 994 3142 .diccrimen-
998 3088 1160 3152 ;puto..

203 3157 382 3211 ιἰιιιιιιι-
348 3171 612 3226 quamquam..
629 3157 848 3282 dutellr'pom—
874 3161 1057 3213 cerumtamen
1083 3155 1161 3226 (W)

203 3227 285 3295 Asc,-
310 3243 361 3281 ι..
377 3228 572 3282 uictumae.
594 3227 720 3282 Puto..
777 3233 930 3298 ιιι-ι...
945 3227 1107 3310 intellepo,
1135 3243 1161 3280 o.

203 3297 297 3352 B.-
325 3299 436 3352 melmae
457 3313 545 3364 meuc,
567 3299 617 3367 qui
639 3299 693 3366 (W.
695 3302 785 3368 )?-
813 3299 910 3366 ferree,
931 3299 1057 3368 cavitque
1083 3295 1138 3364 (W
1141 3299 1159 3367 ).

203 3369 241 3434 ις
271 3370 293 3422 i:
318 3368 349 3422 B.
383 3399 417 3410 -
448 3370 534 3424 citam
560 3385 709 3438 mustacem
738 3369 793 3437 (W.
822 3372 851 3424 et
878 3369 944 3438 Or.)
1001 3371 1061 3424 uita
1086 3369 1162 3437 iupe-

182 3454 263 3492 ·ιια
289 3439 340 3506 Μ.,
333 3441 521 3564 ,vuPIIgo—
487 3445 569 3493 -et
590 3441 623 3494 tn
645 3441 732 3495 lebera
756 3455 786 3494 re
811 3457 841 3508 p
868 3441 989 3496 uicimus
1017 3440 1083 3508 (W.)
1111 3441 1163 3494 aut

204 3511 229 3560 et
247 3509 292 3562 lib
311 3511 398 3578 cix(
435 3514 445 3579 )
490 3510 679 3564 etinlmoB
717 3511 870 3580 sculpam
888 3527 921 3567 cc
937 3515 1078 3581 peccatum
1092 3509 1161 3580 (M.)

203 3577 292 3646 c.[ac
305 3579 348 3649 p]
367 3581 477 3650 Kleyn,
495 3580 527 3636 Β.
