2578 3982
238 217 304 288 592
521 219 559 274 Μ.
578 217 701 274 TULLII
719 216 909 274 CICERONIS

237 364 353 448 inquit,
375 385 433 447 „ex
449 363 671 429 taciturnitate
689 366 811 446 nostra,
833 361 933 446 Lupe,
952 359 1030 445 quid
1048 362 1109 426 aut
1125 381 1205 444 pro

238 453 351 518 bemim
373 452 435 517 hoo
457 453 602 536 tempore
625 454 682 518 aut
698 450 926 535 improbemus,
947 449 1104 514 iudicare:
1128 469 1206 534 ego,

238 540 324 624 quod
352 539 393 604 ad
415 560 466 605 me
493 539 611 606 attinet
632 539 787 623 itemque,
809 538 961 620 arbitror,
989 540 1131 620 ceteros,
1155 537 1205 601 id-

239 629 323 694 circo
350 631 457 712 taceo,
488 627 574 711 quod
604 649 673 694 non
703 627 864 711 existimo,
891 647 990 710 quum
1021 624 1205 708 Pompeius

239 716 333 800 absit,
355 736 486 780 causam
509 715 580 802 agri
603 713 760 800 Campani
787 714 841 801 agi
870 711 1069 779 convenire.“
1118 717 1205 778 Tum

210 805 293 869 ailla
320 824 354 869 se
383 806 530 869 senatum
557 804 689 888 negarit
715 806 834 868 tenere.
883 801 1026 866 Racilius
1056 803 1204 866 surrexit

239 891 338 957 etde
365 889 491 956 iudiciis
517 892 636 956 referre
663 891 782 975 coepit,
812 889 1036 955 Marcellinum
1065 890 1204 974 quidem

238 980 378 1065 primum
400 979 540 1064 rogavitz
563 979 592 1046 is
615 1001 714 1064 quum
737 979 878 1064 graviter
900 978 940 1044 de
958 975 1129 1044 Clodianis
1152 979 1202 1042 in-

238 1067 369 1151 cendiis,
386 1066 665 1150 trucidationibus,
681 1066 933 1151 lapidationibus
952 1068 1088 1150 questus
1104 1071 1202 1150 esset,

238 1155 432 1221 sententiam
455 1155 544 1239 dixit,
566 1158 604 1220 ut
624 1155 693 1238 ipse
715 1155 836 1219 iudices
859 1175 916 1238 per
937 1157 1125 1238 praetorem
1148 1178 1202 1220 ur·

238 1244 359 1310 banum
382 1244 565 1326 sortiretur,
590 1242 732 1310 iudicum
755 1242 924 1308 sortitione
951 1241 1041 1308 faeta
1059 1243 1203 1309 ,comitia

237 1332 447 1414 laborantum
469 1332 525 1415 qui
546 1330 665 1396 iudicia
680 1330 876 1414 impedisset,
898 1334 1108 1395 cumcontra
1131 1353 1204 1397 rem

237 1421 400 1503 publicam
424 1441 492 1484 esse
513 1419 685 1484 facturum
729 1418 920 1502 Approbata
945 1419 1039 1484 valde
1066 1423 1202 1485 senten·

238 1507 286 1572 tia
303 1505 337 1572 C.
357 1505 437 1572 Cato
457 1511 570 1572 contra
587 1507 668 1572 dixit
687 1510 721 1572 et
738 1505 772 1572 C.
786 1504 916 1574 Cassius
933 1507 1074 1573 maxima
1094 1510 1202 1574 accla-

238 1595 381 1660 matione
404 1597 544 1678 senatus,
567 1617 665 1679 quum
688 1594 818 1660 comitia
840 1594 965 1660 iudiciis
986 1596 1203 1662 anteferrent

210 1681 406 1767 ³Pbilippus
429 1683 569 1748 assensit
590 1681 738 1749 Lentulo.
773 1682 892 1748 Postea
905 1683 1048 1748 Racilius
1071 1685 1116 1750 de
1135 1687 1202 1770 pri-

237 1771 321 1835 vatis
353 1793 403 1835 me
435 1771 574 1856 primum
605 1771 799 1836 sententiam
830 1772 969 1856 rogavit:
1001 1774 1110 1836 multa
1137 1775 1203 1839 feci
1277 1813 1278 1828 κ

237 1859 336 1924 verba
358 1860 398 1923 de
420 1862 490 1924 toto
517 1859 626 1925 furore
649 1859 882 1942 latrocinioque
909 1857 944 1924 P.
967 1857 1085 1945 Clodii3
1116 1866 1202 1928 tam-

237 1969 335 2032 quam
356 1969 448 2012 reum
470 1947 618 2012 accusavi
640 1947 752 2012 multis
779 1950 812 2012 et
839 1948 987 2016 secundis
1010 1949 1202 2016 admurmu-

237 2035 417 2100 rationibus
450 2036 557 2100 cuncti
590 2038 729 2100 senatus.
774 2033 962 2101 Orationem
991 2059 1102 2104 meam
1136 2041 1202 2105 eol·
1266 2074 1272 2109 :

237 2123 381 2188 laudavit
394 2123 473 2198 satis
486 2123 597 2188 multis
610 2123 725 2206 verbis,
743 2143 811 2189 nou
829 2124 1010 2190 mehercule
1029 2125 1202 2212 indiserte,

237 2209 341 2277 Vetus
364 2210 539 2294 Antistius,
565 2211 656 2295 isque
677 2211 868 2277 iudiciorum
895 2233 1026 2278 causam
1053 2217 1203 2301 suscepit

237 2299 557 2383 antiquissimamque
576 2319 623 2363 -se
653 2299 840 2365 habiturum
872 2299 961 2366 dixit.
1013 2301 1133 2368 Ibatur
1165 2305 1202 2369 in

113 2427 115 2432 ·
236 2408 309 2453 eam
332 2388 539 2452 sententiam:
561 2389 632 2452 tum
651 2385 781 2453 Clodius
799 2392 933 2474 rogatus
947 2387 1037 2483 'diem
1057 2391 1200 2458 dicendo

237 2475 374 2540 eximere
401 2475 520 2558 coepit,
545 2475 675 2540 furebat
701 2498 721 2540 a
747 2477 871 2542 Racilio
899 2499 933 2542 sa
961 2481 1201 2546 contumaciter

236 2561 422 2644 urbaneque
444 2564 603 2627 vexatum.
642 2563 767 2628 Deinde
790 2560 858 2629 eius
881 2586 997 2650 operae
1017 2573 1157 2652 repente
1181 2593 1201 2634 a
1273 2605 1274 2608 ¹

237 2647 440 2715 Graecostasi
473 2653 507 2715 et
537 2650 690 2734 gradibus
722 2653 895 2718 clamorem
926 2654 1005 2719 satis
1036 2676 1199 2742 magnum

236 2739 450 2821 sustulerunt,
473 2738 602 2823 opinor,
624 2740 659 2804 in
682 2737 719 2815 Q.
742 2739 911 2806 Sextilium
933 2745 966 2806 et
988 2743 1112 2809 amicos
1138 2745 1199 2810 Mi·
1272 2809 1273 2812 ,

236 2827 320 2890 lonis
338 2827 503 2891 incitatae:
527 2848 565 2892 eo
584 2831 673 2892 metu
690 2828 809 2894 iniecto
827 2833 958 2913 repente
976 2851 1099 2916 magna
1122 2855 1199 2918 qne·

236 2913 376 2978 rimonia
407 2914 551 2979 omnium
587 2915 801 2981 discessimus.
853 2917 963 2984 Habes
994 2923 1070 2983 acta
1097 2922 1198 2988 unius

236 2999 312 3064 diei:
344 2999 480 3084 reliqua,
515 3005 553 3066 ut
584 3003 735 3087 arbitror,
764 3004 799 3068 in
830 3025 973 3071 mensem
1004 3005 1198 3076 Ianuarium

236 3088 429 3152 reiicientur.
472 3087 521 3153 De
552 3089 691 3156 tribunis
718 3092 761 3175 pl.
787 3092 885 3178 longe
913 3095 1072 3178 optimum
1100 3096 1198 3163 Raci-
1270 3169 1271 3172 ,

236 3175 316 3239 lium
334 3174 503 3260 hebenum
525 3177 652 3242 ridetur
669 3179 767 3243 etiam
780 3179 941 3246 Antistius
961 3183 1084 3248 amicus
1097 3188 1197 3252 nobis
1270 3177 1271 3182 ἵ

306 3399 357 3470 Ep.
374 3407 397 3468 1,
414 3407 436 3484 ‚¹¹
469 3402 591 3472 itemque,
605 3405 734 3471 arbitror,
753 3412 851 3462 ceteros
868 3407 942 3476 (W.).
977 3409 997 3463 i.
1012 3427 1037 3464 a.
1057 3425 1081 3465 c.
1098 3413 1197 3485 vulgo.
1269 3347 1270 3440 i

235 3473 260 3522 2.
289 3468 319 3524 C.
340 3469 452 3526 Cosmus
474 3473 529 3539 (W.
549 3474 578 3526 et
595 3473 626 3526 B.
645 3473 707 3528 Vol.
730 3477 764 3544 II.
783 3494 810 3546 p.
829 3477 923 3546 VIII).
969 3478 1082 3538 caasa
1099 3482 1197 3552 MRI,
1268 3497 1269 3504 ’

237 3537 330 3610 vulgo.
368 3546 392 3594 3.
421 3543 589 3608 seutentiam,
608 3559 690 3613 qmcm
709 3545 792 3614 (Wlt
