2676 3984
391 217 651 276 EPISTULARUM
669 221 703 276 X.
724 227 764 276 l'l.
785 228 826 277 18.
845 172 847 184 Ι
1020 221 1083 284 317

127 383 193 464 qno
212 381 273 448 ego
290 361 341 427 int
327 365 466 464 terprete
485 364 657 429 novissime
678 363 719 428 ad
733 364 891 450 Lepidum
909 386 982 430 sum
995 386 1086 449 usus3

126 451 269 516 amicum
292 471 365 516 eum
387 451 434 516 roi
452 451 600 537 publicae
619 472 776 538 cognosse
794 454 913 538 videor,
934 453 1085 518 libenter·

128 560 192 624 que
218 540 248 603 ei
275 561 347 604 sum
373 540 559 606 testimonio
588 544 621 606 et
648 542 797 607 omnibus
824 564 894 626 ero,
921 542 977 627 qui
1002 541 1085 606 bene

128 630 255 692 merent
255 649 302 692 ur
346 626 412 693 Fac
434 630 543 695 valeas
564 651 679 714 meque
701 634 814 696 mutuo
843 593 959 717 diligas
982 630 1085 732 digni·

127 719 293 802 tabemque
311 737 426 801 meam,
448 717 475 782 si
494 739 626 802 mereor,
648 720 778 804 tuearis,
797 720 881 787 sicut
899 719 1048 786 adhuc
1022 741 1086 784 srn·

128 805 236 890 gulari
258 825 332 870 cum
353 805 579 872 benevolentia
601 807 715 874 fecisti.

547 999 670 1068 XVIII.

250 1111 308 1168 Sor.
326 1113 357 1168 ιιι
375 1112 475 1169 castris
494 1113 554 1169 ΧΗ.
573 1113 636 1168 Kal.
656 1113 750 1170 lunias
769 1131 795 1170 a.
813 1131 840 1169 ιι.
859 1130 883 1171 ι.
903 1119 962 1170 ill.

426 1235 593 1294 PLANCUS
612 1236 791 1294 CICERONI.

198 1335 281 1414 auid
303 1337 340 1402 in
362 1337 470 1403 animo
492 1337 674 1423 habuerim,
697 1360 796 1423 quum
817 1337 943 1405 Laevus
966 1336 1120 1403 Nerva-1

129 1447 194 1512 que
217 1425 434 1492 discesserunt
456 1448 476 1490 ι
498 1448 558 1512 mc,
581 1431 614 1492 et
636 1449 675 1493 ex
691 1428 819 1511 litteris,
840 1449 921 1512 quas
941 1427 987 1491 eis
1006 1426 1088 1511 dedi,

130 1518 165 1580 et
187 1535 226 1579 ex
247 1515 326 1598 ipsis
349 1535 543 1618 cognoscere
565 1516 714 1601 potuisti,
741 1517 797 1602 qui
820 1516 970 1582 omnibus
992 1516 1087 1582 rebus

130 1603 337 1689 consiliisque
359 1604 439 1669 meis
460 1603 687 1670 interfuerunt.
730 1603 859 1671 Accidit
880 1605 974 1691 mihi,
1001 1604 1088 1690 quod

130 1691 256 1758 homini
278 1691 469 1777 pudentit
436 1714 453 1757 ι
491 1692 607 1778 cupido
630 1693 850 1759 satisfaciendi
872 1694 919 1760 rei
941 1694 1088 1779 publicae

130 1780 289 1866 bonisque
316 1781 466 1846 omnibus
489 1781 631 1846 accidere
655 1783 750 1867 solet,
722 1785 817 1848 tut
843 1773 1013 1848 consilium
1041 1804 1087 1848 ιι-

132 1891 247 1955 querer
264 1870 480 1954 periculosum
497 1871 611 1956 magis,
630 1870 707 1935 dum
724 1892 775 1935 me
793 1871 973 1973 probarem,
992 1893 1088 1954 quarn

130 1961 248 2042 tutum,
271 1958 357 2043 quod
380 1958 498 2024 habere
520 1962 631 2044 posset
654 1959 823 2024 obtrectat
799 1962 930 2024 tionem.
975 1959 1124 2043 laquea

131 2049 208 2131 post
226 2046 400 2113 discessum
417 2048 609 2133 legatorum,
632 2070 731 2132 quum
748 2048 834 2116 binis
852 2047 1014 2112 continuis
1037 2047 1088 2110 lit·

131 2136 267 2200 teriset
289 2135 429 2221 Lepidus
452 2157 564 2220 me‚u
541 2136 757 2238 ιιιιιιιιιιιι,
778 2139 918 2221 rogaret,
940 2138 975 2200 ιι
995 2135 1089 2200 Late·
1163 2213 1168 2222 .

131 2224 236 2289 rensis
271 2225 381 2290 multo
403 2224 501 2290 etiam
527 2225 632 2310 magis
659 2247 760 2310 prope
787 2225 964 2309 implorans
1001 2224 1089 2289 obte-

134 2316 274 2378 staretur
305 2334 373 2379 non
404 2314 504 2378 ullam
535 2335 603 2379 rem
631 2314 728 2378 aliam
755 2314 978 2378 extimescens
993 2335 1089 2397 quam

129 2401 276 2481 eandem,
295 2423 377 2486 quae
394 2401 474 2467 mihi
488 2423 614 2486 quoque
628 2403 708 2467 facit
703 2403 883 2505 timorem,
900 2401 1090 2467 varietatem

131 2493 230 2575 atque
252 2490 389 2555 infidelit
374 2493 476 2556 tatem
503 2492 659 2556 exercitus
683 2492 764 2576 eius,
785 2513 854 2557 non
876 2490 1089 2556 dubitandum

131 2579 258 2663 putavi,
281 2579 360 2664 quin
382 2599 600 2645 succurrerem
621 2601 735 2665 meque
761 2580 924 2645 communi
946 2579 1088 2664 periculo

133 2667 293 2752 offerrem3
317 2667 458 2733 sciebam
480 2669 575 2750 enirn,
597 2670 658 2734 etsi
677 2669 801 2733 cautius
823 2668 992 2734 illuderet
1014 2689 1089 2733 con·

128 2756 249 2842 silium,
268 2760 452 2842 exspectare
465 2778 517 2822 me
536 2757 576 2821 ad
590 2755 722 2842 Isaram,
736 2756 812 2821 dum
825 2756 946 2821 Brutus
964 2757 1088 2821 traiice-

131 2847 183 2909 ret
214 2845 401 2929 exercitum,
433 2848 466 2911 et
497 2867 571 2910 curn
593 2846 717 2930 collega
744 2845 978 2929 consentiente,
1007 2846 1090 2910 sicut

132 2933 251 2997 milites
273 2933 407 3018 faciunt,
428 2933 577 3000 hostibus
595 2933 724 2999 obviam
742 2934 797 3018 ire,
818 2938 938 3017 tamen,
961 2934 989 2999 si
1012 2934 1088 3019 quid

131 3019 280 3174 Lepidus
292 3022 374 3087 benc
393 3024 535 3088 sentiens
550 3022 734 3088 detrimenti
754 3023 900 3109 cepisset,
917 3022 980 3088 hoo
994 3044 1088 3087 omne

128 3111 335 3195 assignatum
356 3111 398 3176 iri
420 3114 477 3175 aut
498 3112 694 3196 pertinaciae
717 3133 806 3176 meae
829 3114 887 3176 aut
912 3112 1022 3177 timori
1044 3112 1089 3175 vi·

131 3197 306 3284 debam,
281 3221 308 3264 ιι
331 3203 389 3264 aut
409 3199 574 3265 hominem
595 3201 752 3265 offensum
770 3200 859 3285 mihi,
881 3201 1090 3266 coniunctum

129 3307 206 3351 oum
228 3309 263 3352 re
285 3288 415 3372 publica
441 3310 508 3354 non
531 3288 749 3354 sublevassem
771 3289 918 3371 antipae
946 3310 967 3352 a
988 3290 1088 3352 certa·

129 3376 219 3440 mine
246 3376 323 3441 belli
345 3380 414 3442 tam
435 3377 608 3442 necessarii
636 3400 688 3443 me
710 3378 925 3442 removissem.
974 3375 1123 3460 Itaquea

202 3567 357 3638 Ερ.18,ι.
394 3570 572 3626 obtestaretur
588 3585 646 3626 ooo
664 3570 739 3640 (ιι).
776 3570 838 3638 obt,
856 3584 913 3625 ooo
930 3568 1024 3640 vulgo.
