2578 3982
252 190 511 248 EPISTOLARUM
524 179 928 258 consularentur.
1000 195 1065 260 589

112 339 186 404 dere
213 341 345 422 propter
376 337 485 402 nescio
513 357 593 422 quos
624 341 740 405 motus
764 342 925 424 vetarent3
956 361 1067 410 rerum

111 447 173 513 ego
196 425 300 512 magis
327 425 447 494 exitum
478 425 608 492 illorum
633 425 749 492 litteris
773 447 870 510 quam
897 448 954 512 spe
981 431 1068 494 certa

112 513 352 598 exspectabam
382 534 460 578 nam
491 513 568 597 quid
600 535 724 597 sperem
755 515 981 598 potentissimo
1007 515 1067 582 ini·

112 603 206 684 mico,
223 601 442 671 dominatione
461 601 723 686 obtrectatorum,
745 602 927 668 infidelibus
948 603 1068 687 amicis,

113 689 260 774 plurimis
282 689 422 756 invidis?
466 689 516 754 De
537 689 763 758 novisautem
785 690 925 758 tribunis
952 691 995 775 pl.
1017 694 1094 758 csta

112 778 167 844 ille
190 778 321 861 quidem
340 778 376 844 in
398 799 460 842 me
473 777 735 854 officiosissimus,
750 776 872 847 Sestius
896 781 942 864 et,
965 799 1068 864 spero,

113 864 242 950 Curius,
270 864 363 950 Milo,
391 863 524 950 Fadius,
545 863 726 951 Fabricius,
756 866 811 932 sed
837 867 930 934 valde
958 867 1067 934 adver·

113 957 207 1020 eante
230 951 357 1037 Clodio,
383 954 439 1038 qrri
461 953 559 1020 etiam
580 955 725 1039 privatus
752 955 864 1020 eadem
891 976 991 1020 manu
1011 977 1068 1039 po·

113 1043 190 1106 terit
212 1041 384 1106 conciones
411 1041 586 1126 concitare,
613 1042 728 1106 deinde
755 1043 853 1109 etiam
875 1043 1069 1110 intercessor

113 1129 289 1214 parebitur.
332 1127 423 1194 Haec
453 1130 534 1194 mihi
564 1130 781 1214 proficiscenti
812 1152 880 1196 non
910 1148 1096 1216 propone-4

113 1217 241 1302 bantrrr,
264 1215 320 1283 sed
343 1238 438 1301 saepe
456 1218 564 1286 triduo
582 1240 708 1284 summa
726 1239 799 1283 cum
820 1219 923 1304 gloria
941 1219 1069 1284 dicebar

114 1327 184 1371 esse
206 1305 376 1372 rediturus.
420 1304 522 1390 „Quid
548 1309 585 1372 tu
612 1304 757 1392 igitur?“
783 1307 918 1390 inquies.
963 1305 1068 1384 Quid?

114 1395 216 1460 inulta
229 1398 457 1480 convenerunt,
476 1416 556 1479 quae
570 1398 712 1460 mentem
726 1395 934 1460 exturbarent
951 1416 1068 1460 meam:

114 1482 223 1547 subita
245 1482 381 1548 defectio
404 1481 563 1568 Pompeii,
586 1483 738 1548 alienatio
761 1484 944 1568 consulum,
972 1483 1069 1550 etiam

114 1574 313 1656 praetorum,
339 1571 438 1636 timor
463 1572 723 1656 publicanorum,
755 1593 852 1637 arma.
903 1570 1069 1637 Lacrimae

114 1680 259 1725 meorum
290 1678 341 1723 me
373 1659 414 1722 ad
445 1663 581 1724 mortem
616 1660 663 1724 ire
699 1659 947 1743 prohibuerunt3
983 1659 1069 1743 quod

115 1751 201 1810 certe
224 1749 257 1810 et
279 1745 321 1809 ad
342 1745 547 1810 honestatem
574 1748 608 1810 et
634 1745 675 1810 ad
698 1746 896 1831 effugiendos
918 1746 1070 1811 intolera-

115 1834 197 1899 biles
220 1833 348 1897 dolores
369 1833 434 1897 fuit
455 1832 666 1916 aptissimum.
712 1831 774 1897 Sed
801 1833 840 1897 de
867 1833 929 1898 hoc
957 1833 1071 1918 scripsi

116 1923 157 1986 ad
179 1925 213 1986 te
235 1921 270 1985 iu
293 1943 333 1986 ea
354 1920 500 2004 epistola,
523 1942 620 2005 quam
641 1919 839 1985 Pha'e‘thonti
857 1921 938 1986 dedi.
973 1919 1070 1986 Nunc

115 2014 161 2094 tu,
184 2009 338 2094 quoniam
355 2009 391 2073 in
408 2011 537 2073 tentum
554 2009 677 2073 luctum
694 2007 901 2093 laboremque
921 2008 1070 2075 detrusus

116 2119 160 2180 es,
183 2100 342 2182 quantum
364 2118 459 2161 nemo
486 2117 652 2180 umquam,
679 2097 839 2162 allevare
866 2099 959 2181 potes
986 2117 1071 2163 com·

116 2207 247 2250 munem
270 2206 380 2250 casum
397 2184 615 2250 misericordia
631 2184 809 2267 hominum,
831 2185 953 2250 scilicet
969 2184 1071 2249 incre·

116 2273 214 2338 dibile
237 2272 390 2357 quiddam
413 2273 605 2357 assequerie3
634 2272 685 2336 sin
711 2273 808 2357 plane
831 2273 1005 2337 occidimus
1028 2307 1071 2320 -

116 2383 167 2428 rne
199 2362 363 2427 miserum!
387 2397 429 2408 -
457 2382 518 2446 ego
552 2361 701 2426 omnibus
732 2360 812 2425 meis
842 2361 939 2426 exitio
970 2360 1072 2444 fuero,

116 2451 232 2534 quibus
255 2454 331 2514 ante
354 2449 501 2514 dedecori
528 2469 595 2514 nou
624 2470 721 2514 eram.
765 2446 828 2514 Sed
854 2451 905 2534 tu,
930 2452 969 2514 ut
995 2451 1099 2514 antes

117 2539 158 2602 ad
179 2541 213 2601 te
236 2537 362 2623 scripsi,
388 2537 533 2622 perspice
556 2559 625 2602 rem
646 2539 681 2602 et
706 2540 856 2622 pertenta
883 2539 917 2601 et
943 2537 984 2602 ad
1010 2559 1071 2621 me,

116 2629 154 2690 ut
179 2629 326 2710 tempora
351 2629 477 2709 nostra,
507 2647 576 2690 non
602 2627 641 2690 ut
667 2645 758 2690 amor
784 2628 860 2689 tuus
888 2625 966 2707 fert,
997 2645 1071 2690 vere

116 2714 290 2797 perscribe:
317 2735 378 2799 ego
405 2713 521 2795 vitam,
548 2712 654 2796 quoad
680 2711 803 2796 putabo
830 2714 888 2775 tua
916 2713 1071 2776 interesse

115 2801 236 2866 autad
259 2822 349 2886 spem
376 2801 568 2867 servandam
591 2821 674 2881 esse,
699 2799 855 2865 retinebo.
901 2798 951 2863 'lb
977 2800 1071 2865 nobis

116 2889 346 2954 amicissimum
373 2887 513 2955 Sestium
546 2907 734 2973 cognosces,
762 2886 856 2953 oredo
887 2889 946 2952 tua
974 2909 1072 2953 causa

92 2978 196 3054 ⁴vello
223 2976 411 3060 Lentulum,
443 2976 582 3060 quierit
611 2976 736 3040 consul:
769 2996 964 3059 quamquam
996 2980 1073 3041 sunt

113 3067 202 3130 facta
231 3064 337 3131 verbis
369 3064 557 3130 difficiliora.
603 3062 654 3127 Tu
685 3065 720 3128 et
750 3063 827 3147 quid
859 3084 940 3147 opus
968 3063 1011 3127 sit
1038 3066 1073 3129 et

185 3239 237 3310 Ep.
256 3244 282 3306 4,
296 3245 321 3294 ³.
350 3254 438 3304 cocc.;
456 3238 553 3293 deinde
572 3237 647 3306 (W.).
684 3253 716 3304 c,
733 3236 760 3291 d.
780 3235 874 3306 vulgo.
910 3242 936 3290 4.
964 3241 1071 3291 mucr-

112 3311 211 3364 borcnt
229 3309 334 3378 (Emit
363 3338 395 3349 -
424 3325 504 3364 armo
527 3307 627 3363 Olods's'.
662 3306 808 3362 Leoimcc
835 3305 1019 3376 (Bdoheler.)‘l
1038 3337 1072 3348 -

113 3381 218 3435 luctum
235 3380 405 3449 loborcrcquc
459 3381 485 3447 .).
520 3378 566 3432 An
579 3378 607 3443 t,
625 3382 733 3433 matun
747 3377 863 3431 hborou
878 3377 963 3446 (wit
999 3377 1017 3430 l.
1033 3378 1072 3432 lo·

36 3466 40 3472 ·
113 3451 203 3505 boren
221 3450 277 3504 Ml.
315 3451 332 3504 l.
351 3455 377 3504 et
394 3449 412 3504 l.
450 3464 533 3516 narn,
548 3447 642 3518 vulgo.
661 3477 695 3488 -
715 3448 802 3502 levare
814 3451 893 3517 potes
906 3447 957 3517 (L).
994 3446 1012 3502 l.
1024 3461 1073 3517 po·

113 3525 164 3576 tert
182 3537 214 3591 c,
232 3519 309 3591 MR,
327 3519 357 3574 Β.
394 3525 419 3574 o.
446 3535 512 3574 ocra
523 3518 662 3589 perscribe
681 3520 692 3587 l
708 3519 743 3586 .)?
