2658 3986
248 219 311 282 182
528 219 566 274 Μ.
585 218 708 274 TULLII
726 217 917 274 CICERONIS

244 363 447 448 mittendum,
470 363 677 448 quamobrem
695 384 816 447 eorum,
837 383 918 447 quos
938 362 1060 448 laudas,
1082 367 1114 429 te
1133 386 1201 430 non

246 452 445 517 simillimum
466 452 630 536 praebeas.
675 449 737 516 Sed
760 452 840 516 haec
863 452 965 516 oratio
988 453 1093 538 magis
1116 457 1201 518 esset

246 544 323 624 apta
345 541 386 605 ad
405 542 463 606 illa
480 543 635 625 tempora,
658 561 740 625 quae
757 541 824 604 iam
841 540 995 626 effugisti:
1017 561 1106 606 nunc
1123 563 1200 608 voro

244 631 373 693 tantum
396 633 428 693 te
451 650 531 713 para
553 628 696 693 adhaec
718 629 887 694 nobiscum
908 628 1055 714 ferenda,
1084 629 1201 714 quibus

245 737 306 802 ego
339 717 367 782 si
399 737 496 801 quarn
531 716 724 782 medicinam
755 717 946 801 invenirem,
981 717 1041 782 tibi
1073 739 1201 803 quoque

245 805 380 870 eandem
397 805 571 889 traderem3
594 804 650 870 sed
671 809 720 870 est
736 827 839 871 unum
855 805 1040 891 perfugium
1054 807 1202 872 doctrina

244 915 282 958 ac
304 893 445 978 litterae,
468 893 584 978 quibus
607 915 733 978 semper
754 894 805 958 usi
828 916 952 980 sumus,
979 916 1061 979 quae
1089 917 1201 960 secun·

245 981 294 1046 dis
324 982 421 1047 rebus
453 982 699 1048 delectationem
725 981 822 1048 modo
853 981 972 1048 habere
999 982 1201 1068 videbantur,

243 1089 332 1134 nunc
353 1090 430 1138 vero
454 1071 552 1136 etiarn
574 1072 720 1137 salutem.
765 1069 841 1155 Sed,
867 1075 905 1136 ut
932 1071 973 1136 ad
994 1071 1125 1138 initium
1152 1094 1200 1138 rc·

244 1161 364 1245 vertar,
392 1181 468 1226 cave
495 1159 637 1244 dubites,
666 1161 745 1244 quin
766 1159 877 1226 omnia
903 1159 942 1224 de
966 1162 1068 1226 salute
1091 1181 1130 1227 ao
1151 1181 1200 1226 re

244 1246 315 1312 ditu
336 1251 393 1313 tuo
416 1249 560 1334 perfecta
583 1249 657 1313 sint.

677 1440 767 1508 XIII.

457 1551 513 1610 Ser.
532 1555 636 1608 Romae
655 1557 772 1608 exeunte
792 1569 817 1608 a.
836 1572 862 1608 u.
882 1571 905 1608 c.
926 1557 985 1610 708.

567 1676 695 1732 CICERO
713 1676 871 1734 LIGARIO.

211 1791 225 1841 1
310 1775 383 1842 Etsi
413 1777 473 1842 tali
501 1780 558 1842 tuo
591 1780 736 1860 tempore
764 1799 816 1842 me
843 1781 900 1844 aut
927 1776 1116 1843 consolandi
1143 1779 1201 1841 aut

245 1867 378 1931 iuvandi
400 1867 449 1931 tui
471 1887 569 1930 causa
591 1865 729 1930 seribere
753 1865 794 1929 ad
815 1868 848 1930 te
867 1865 987 1949 aliquid
1009 1873 1069 1950 pro
1087 1868 1214 1930 nostra

245 1955 386 2020 amicitia
411 1955 596 2040 oportebat,
626 1957 737 2020 tannen
765 1953 869 2019 adhuc
894 1954 929 2018 id
955 1973 1024 2020 uon
1050 1953 1200 2038 feceram,

245 2045 321 2128 quia
352 2063 457 2128 neque
487 2043 588 2108 lenire
619 2042 752 2108 videbar
783 2042 929 2109 oratione
960 2063 1064 2127 neque
1093 2042 1200 2106 levare

244 2153 339 2218 posse
365 2133 509 2198 dolorem
535 2135 641 2214 tuum3
672 2135 786 2215 postea
816 2152 893 2196 vera
919 2152 1016 2214 quam
1046 2149 1201 2215 magnam

246 2243 336 2306 spem
357 2221 477 2286 habere
500 2221 592 2304 coepi
613 2220 697 2303 fore,
720 2222 811 2284 utto
834 2219 924 2284 brevi
945 2222 1090 2304 tempore
1112 2218 1200 2284 ineo-

244 2310 365 2375 lumem
386 2309 591 2392 haberemus,
620 2307 727 2372 faeere
753 2329 821 2372 non
847 2307 952 2392 potui,
979 2307 1059 2392 quin
1084 2306 1145 2371 tibi
1168 2309 1202 2372 et

209 2410 225 2458 a
246 2397 439 2461 sententiam
466 2399 501 2461 ct
524 2396 726 2460 voluntatem
754 2396 948 2460 declararem
974 2417 1088 2460 meam.
1132 2394 1201 2460 Pri·

245 2507 334 2549 mum
360 2484 461 2570 igitur
493 2484 644 2567 scribam,
675 2483 761 2567 quod
791 2484 939 2570 intelligo
969 2487 1002 2550 et
1032 2484 1201 2568 perspicio,

245 2594 313 2638 non
334 2573 404 2638 fore
423 2574 458 2638 in
475 2576 508 2638 te
527 2570 697 2636 Caesarem
715 2570 889 2656 duriorcm3
911 2593 989 2638 nam
1006 2576 1040 2637 et
1057 2594 1108 2638 res
1127 2593 1202 2637 enm

246 2662 388 2745 quotidie
420 2666 453 2727 et
485 2661 552 2726 dies
584 2663 617 2724 et
644 2659 753 2744 opinio
780 2660 950 2726 hominum
976 2664 1021 2745 et,
1052 2664 1090 2725 ut
1120 2661 1202 2726 mihi

245 2750 385 2834 videtur,
420 2751 518 2814 etiam
550 2770 608 2814 sua
639 2752 756 2813 natura
786 2749 947 2814 mitiorem
977 2749 1069 2833 facit,
1104 2749 1200 2834 idque

247 2860 346 2922 quum
368 2839 407 2903 de
430 2839 562 2922 reliquis
585 2837 699 2920 sentio,
721 2840 791 2902 tum
814 2837 853 2901 de
875 2840 908 2916 te
931 2837 1030 2902 etiam
1047 2837 1143 2902 audio
1162 2860 1202 2903 ex

245 2926 503 2990 familiarissimis
527 2926 604 3008 eius,
627 2925 743 3009 quibus
766 2945 826 3009 ego
846 2947 885 2990 ex
903 2947 941 2990 eo
959 2929 1113 3009 tempore,
1136 2947 1200 3009 quo

201 3045 202 3050 ¹
245 3014 385 3100 primum
417 3035 456 3078 ex
486 3013 599 3078 Africa
628 3014 762 3079 nuntius
793 3014 895 3098 venit,
927 3014 1107 3098 supplicare
1133 3035 1201 3079 una

247 3102 497 3168 cumfratribus
523 3101 587 3166 tuis
614 3123 682 3166 non
705 3101 826 3186 destiti,
854 3100 990 3186 quorum
1016 3103 1146 3187 quidem
1169 3107 1202 3166 et

246 3193 365 3256 virtute
387 3193 421 3256 et
442 3191 562 3274 pietate
584 3192 618 3253 et
640 3209 748 3254 amore
770 3189 806 3253 in
827 3193 860 3255 te
883 3190 1040 3276 singulari
1067 3193 1100 3256 et
1121 3191 1201 3256 assi·

247 3281 310 3344 dua
333 3282 366 3343 et
386 3282 543 3363 perpetua
561 3298 637 3342 eura
654 3278 768 3342 salutis
786 3281 861 3342 tuae
879 3281 1007 3343 tantum
1025 3279 1201 3364 proficitur,

246 3371 284 3432 ut
305 3367 388 3432 nihil
411 3368 461 3454 sit,
484 3366 569 3452 quod
592 3387 660 3431 non
681 3366 788 3450 ipsum
810 3364 981 3432 Gaesarem
1003 3368 1201 3432 tributurum

211 3471 228 3522 3
247 3456 438 3539 existimem,
457 3455 522 3541 scd,
540 3455 568 3520 si
586 3453 708 3518 tardius
722 3454 769 3538 lit,
787 3461 884 3538 quam
896 3455 1054 3540 volumus,
1072 3457 1201 3540 magnis
1319 3537 1320 3540 Ἴ

248 3544 512 3628 occupationibus
535 3543 616 3627 eius,
639 3563 659 3606 a
681 3563 744 3625 quo
768 3543 877 3606 omnia
898 3546 1067 3629 petuntur,
1093 3543 1201 3609 aditus
1319 3543 1320 3606 3
