2644 3988
236 181 302 248 334
517 181 555 236 M.
575 181 699 236 TULLII
717 179 908 236 CICERONIS

235 329 372 411 utraque
394 328 486 410 perte
508 326 661 411 pugnari3
684 325 745 392 etsi
762 325 923 390 dexterius
942 346 1053 410 cornu,
1075 325 1111 390 in
1129 347 1197 410 quo

235 437 296 501 ego
329 436 417 480 eram
449 435 523 480 eum
553 413 689 478 Martiae
721 414 860 499 legionis
893 415 1081 480 cohortibus
1111 419 1198 499 oao,

234 505 357 589 impetu
384 503 488 589 primo
520 502 691 588 fugaverat
720 503 883 588 legionem
911 518 1019 564 xxxv.
1046 501 1198 588 Antonii,

234 596 272 656 ut
295 593 432 677 amplius
455 613 570 676 passus
588 591 606 631 *
625 592 711 656 ultra
734 591 844 674 aciem,
867 612 930 675 quo
953 591 1026 657 loeo
1049 595 1197 676 steterat,

234 681 434 766 prooesserit.
479 679 605 764 Itaque,
638 701 737 764 quum
766 681 890 764 equites
916 683 1066 749 nostrum
1089 701 1197 745 eornu

235 770 401 834 circumire
424 769 553 854 vellent,
575 768 716 853 resipere
736 789 787 834 me
807 769 898 853 coepi
915 777 948 832 et
964 769 1070 834 levem
1090 790 1197 834 arma-

234 861 341 922 turam
374 879 536 942 0pponere
563 856 751 922 Maurorum
783 857 958 942 equitibus,
988 878 1031 922 ne
1063 879 1198 922 aversos

234 950 364 1012 nostros
379 946 640 1032 aggrederentur.
675 945 811 1010 Interim
833 945 926 1010 video
949 967 1001 1010 me
1020 967 1090 1010 esse
1109 946 1198 1010 inter

234 1034 440 1100 Antonianos
463 1033 708 1118 Antoniumque
734 1037 810 1119 post
836 1055 887 1099 me
914 1055 984 1099 esse
1011 1034 1196 1118 aliquanto:

234 1127 366 1209 repente
394 1145 512 1208 equum
538 1123 657 1188 immisi
684 1122 725 1187 ad
752 1143 824 1188 eam
850 1123 1013 1208 legionem
1039 1123 1198 1208 tironum,

235 1234 317 1296 quae
339 1212 490 1278 veniebat
512 1233 551 1276 ex
573 1211 700 1295 eastris,
723 1215 814 1277 seuto
837 1211 972 1277 reiecto:
1010 1209 1197 1288 Antoniani

234 1323 285 1364 me
316 1301 456 1384 insequi3
482 1301 588 1368 nostri
613 1301 680 1384 pila
707 1301 865 1366 eoniieere
887 1300 981 1366 velle:
1013 1300 1060 1364 ita
1082 1301 1196 1366 neseio

235 1410 298 1471 quo
329 1388 400 1454 fato
426 1411 499 1454 sum
526 1392 685 1472 servatus,
717 1388 803 1472 quod
831 1410 902 1454 sum
929 1389 993 1454 cito
1023 1410 1044 1453 a
1069 1390 1196 1454 nostris

199 1477 394 1562 eeognitus.
446 1476 487 1541 In
519 1477 591 1561 ipsa
622 1476 775 1561 Aemilia,
809 1478 866 1543 ubi
898 1477 1013 1543 cohors
1045 1474 1196 1543 Caesaris

235 1566 397 1649 praetoria
414 1569 492 1648 erat,
510 1565 565 1630 diu
583 1570 765 1651 pugnatum
783 1570 840 1631 est.
872 1563 981 1632 Cornu
1002 1565 1196 1651 sinisterius,

236 1654 322 1736 quod
344 1658 414 1719 erat
435 1653 607 1739 infirmius,
635 1655 693 1720 ubi
714 1653 851 1720 Martiae
873 1655 1011 1741 legionis
1035 1655 1117 1720 duae
1141 1676 1194 1721 eo·

234 1742 344 1808 hortes
377 1747 470 1807 erant
501 1745 535 1808 et
565 1743 680 1809 eohors
717 1745 891 1828 praetoria,
926 1744 1041 1828 pedem
1071 1743 1195 1808 referre

235 1836 418 1916 coeperunt,
441 1832 528 1916 quod
551 1832 592 1897 ab
610 1832 756 1916 equitatu
775 1832 1035 1917 circumibantur,
1057 1853 1122 1917 quo
1140 1834 1194 1897 vel

234 1920 409 2004 plurimum
439 1921 527 1986 valet
553 1919 726 1985 Antonius.
772 1919 878 1996 Quum
905 1943 1017 1986 omnes
1044 1942 1079 1986 se
1105 1941 1193 1986 reee-

234 2010 359 2094 pissent
376 2010 480 2076 nostri
498 2009 637 2093 ordines,
658 2009 798 2093 recipere
817 2032 869 2075 me
886 2010 1081 2075 novissimus
1100 2011 1194 2094 coepi

235 2099 276 2163 ad
299 2103 417 2184 eastra3
439 2097 604 2164 Antonius
626 2097 793 2181 tamquam
810 2099 914 2163 vietor
936 2103 1042 2163 eastra
1064 2099 1195 2182 putavit

234 2208 269 2252 se
300 2209 395 2273 posse
427 2209 553 2273 capere:
590 2208 654 2270 quo
691 2207 764 2252 eum
795 2188 897 2271 venit,
933 2187 1115 2272 complures
1144 2187 1194 2252 ibi

235 2277 343 2342 amisit
364 2297 425 2341 nee
448 2277 515 2362 egit
538 2275 721 2359 quidquam.
766 2274 889 2340 Audita
910 2297 946 2339 re
967 2275 1094 2341 Hirtius
1118 2297 1194 2340 eum

235 2365 422 2431 cohortibus
449 2387 499 2430 xx.
525 2363 686 2428 veteranis
717 2364 865 2428 redeunti
887 2362 1032 2429 Antonio
1065 2365 1100 2428 in
1133 2381 1194 2429 sua

235 2457 341 2517 eastra
364 2452 502 2517 occurrit
524 2453 697 2536 copiasque
720 2453 788 2517 eius
816 2473 928 2518 omnes
959 2453 1077 2518 delevit
1097 2453 1194 2538 fuga·

235 2541 282 2605 vit
305 2540 418 2605 eodem
439 2538 491 2602 die
514 2540 689 2624 eodemque
712 2542 798 2625 loeo,
823 2541 880 2605 ubi
908 2545 977 2606 erat
999 2545 1194 2627 pugnatum,

235 2628 276 2694 ad
298 2627 419 2695 Forum
441 2627 621 2713 Gallorum,
642 2629 807 2694 Antonius
830 2651 904 2695 eum
926 2630 1087 2714 equitibus
1109 2630 1194 2696 hora

235 2718 339 2784 noetis
363 2722 478 2802 quarta
500 2740 534 2783 se
556 2718 592 2782 in
614 2721 721 2782 eastra
739 2741 798 2783 sua
816 2719 858 2783 ad
874 2717 1036 2803 Mutinam
1057 2720 1193 2804 recepit,

200 2827 217 2875 5.
235 2805 360 2872 Hirtius
383 2807 419 2872 in
437 2830 475 2873 ea
497 2809 604 2874 eastra
621 2806 726 2891 rediit,
746 2807 833 2872 unde
852 2806 960 2872 Panse
983 2809 1113 2893 exierat,
1135 2808 1193 2873 ubi

236 2895 315 2960 duas
346 2895 491 2981 legiones
521 2895 708 2979 reliquerat,
740 2917 821 2979 quae
854 2896 895 2960 ab
922 2895 1068 2962 Antonio
1098 2901 1194 2962 erant

234 2981 540 3141 llttlltall
560 2984 1194 3138 tllfidfflfltlltdlttt

790 3121 798 3156 ,
1256 3122 1260 3131 ,

305 3249 357 3320 Ep.
376 3255 419 3316 30,
434 3254 459 3302 3.
496 3247 593 3314 oriem,
616 3263 668 3318 quo
687 3248 704 3302 l.
722 3251 845 3314 steterat,
862 3263 908 3316 pr.
934 3248 995 3317 (M,
1013 3249 1119 3320 vulgo),
1165 3265 1192 3304 o.

235 3320 299 3390 [quo
318 3321 334 3374 l.
353 3318 388 3391 a]
402 3336 448 3388 pr.
467 3317 576 3388 Kleyn,
595 3317 626 3371 B.
647 3350 679 3360 -
699 3320 809 3384 cmtris,
826 3323 902 3374 erato
921 3317 1051 3389 (erasa).
1093 3321 1193 3374 caruis

234 3405 270 3443 se.
288 3389 319 3443 B.
355 3396 381 3444 4.
404 3406 457 3459 quo
475 3405 558 3458 quum
576 3389 690 3443 venisset
704 3389 789 3456 (W.)?
809 3418 842 3428 -
860 3389 957 3445 deleuit
973 3391 1085 3458 fugauit
1102 3391 1192 3447 eodem

234 3460 435 3584 elgarodzemtgue
442 3460 509 3584 Vlgm
523 3459 625 3584 l(iW.).B
640 3459 666 3512 d.
684 3459 705 3525 f.
725 3459 895 3530 sedereque‘l·
913 3461 951 3515 M.
987 3461 1013 3516 d.
1032 3461 1194 3532 fugavitque

234 3545 248 3584 e
297 3546 358 3582 m.
406 3569 422 3596 .,
481 3546 584 3597 ‚om
626 3569 632 3582 .
