2578 3978
245 191 285 256 16
524 194 561 246 Μ.
581 189 704 247 TULLII
723 189 913 246 CICERONIS

243 335 353 400 amicit
353 335 418 399 iam
440 334 562 400 licebit
536 338 563 418 t,
586 355 667 418 quae
691 334 776 398 enim
800 333 966 418 proposita
988 334 1119 400 fuerant
1140 355 1202 399 no-

242 423 305 507 bis,
337 445 436 506 quum
463 425 496 488 et
526 423 704 489 honoribus
737 422 941 506 amplissimis
974 425 1008 486 ιι
1032 421 1202 486 laboribus

242 511 389 576 maximis
415 511 578 596 perfuncti
609 531 763 593 essemus,
795 509 973 596 dignitas
964 531 998 573 ιιι
1029 511 1203 574 sententiis
1281 509 1282 550 l

243 599 394 684 dicendis,
416 599 580 664 libertas'
571 620 606 663 ιιι
627 620 662 663 ιι
686 598 814 684 publica
836 597 1040 683 capessenda,
1064 619 1101 662 ea
1124 599 1203 662 sub·

242 688 378 752 latat
327 691 378 754 tot
379 709 398 752 a
418 691 502 770 sunt,
520 708 580 752 neo
598 687 678 751 mihi
696 687 799 772 magis
819 708 916 770 quam
936 686 1099 769 omnibus,
1120 707 1203 750 nam
1281 687 1282 770 ι

243 780 300 840 aut
326 739 566 840 assentiendum
593 779 643 840 est
629 775 764 840 tnulla
792 795 864 840 oum
896 775 1055 860 gravitate
1086 775 1202 858 pausis
1281 771 1282 836 l

207 868 300 928 taut
320 864 442 928 frustra
461 863 722 929 dissentiendum.
757 862 848 928 Haeo
871 883 931 948 ego
955 862 996 926 ad
1013 866 1046 927 te
1065 862 1107 928 ob
1126 884 1203 928 eam

121 1031 127 1035 -
242 973 373 1018 oausam
394 952 532 1018 maxime
555 951 673 1035 soribo,
702 951 826 1016 utiam
849 951 887 1016 de
914 954 971 1017 tua
998 971 1125 1034 quoque
1148 972 1203 1016 ra·
1281 947 1282 1036 l

242 1039 331 1105 tione
353 1040 515 1106 meditere.
559 1038 765 1106 Commutato
785 1041 857 1104 tota
879 1039 962 1104 ratio
986 1043 1036 1104 ιιι
1057 1041 1203 1124 senatus,
1281 1037 1282 1098 Q

241 1129 441 1214 iudiciorum,
458 1129 505 1194 rei
523 1130 623 1196 totius
637 1129 796 1214 publicae:
816 1128 918 1193 otium
930 1127 1025 1192 nobis
1044 1130 1202 1212 exoptem·
1279 1151 1282 1210 j

242 1216 319 1282 dum
341 1221 403 1301 est,
426 1217 512 1301 quod
534 1218 571 1299 ii,
594 1217 649 1302 qui
670 1218 840 1301 potiuntur
862 1237 981 1300 rerum,
1003 1218 1202 1299 praestaturi
1281 1211 1282 1296 ζ

241 1305 404 1388 videntur,
432 1305 459 1370 si
483 1305 613 1390 quidam
634 1305 782 1370 homiues
802 1304 979 1388 patientius
1007 1325 1118 1370 eorum
1140 1327 1201 1388 po·
1281 1301 1282 1376 l

241 1393 378 1457 tentiam
404 1394 488 1458 ferre
515 1392 694 1476 potuerint3
725 1393 917 1478 dignitatem
948 1391 1076 1476 quidem
1107 1392 1201 1458 illam
1281 1385 1282 1460 l

242 1483 444 1550 oonsularem
470 1481 564 1547 fortis
591 1483 624 1546 et
650 1480 829 1546 constantis
858 1481 1015 1546 senatoris
1042 1480 1125 1545 nihil
1147 1486 1201 1546 est

243 1569 328 1652 quod
351 1569 542 1654 cogitemus:
566 1569 684 1634 amissa
706 1571 801 1653 eulpa
823 1572 874 1634 est
887 1590 1006 1652 eorum,
1029 1569 1084 1652 qui
1106 1591 1126 1634 a
1149 1591 1199 1634 se-

241 1660 323 1722 natu
345 1661 378 1722 et
400 1658 545 1723 ordinem
568 1657 866 1724 coniunctissimum
889 1660 922 1722 et
946 1656 1111 1723 homiuem
1134 1658 1199 1722 ela·

207 1745 404 1810 erissimum
431 1747 664 1812 abalienarunt.
713 1743 789 1829 Sed,
815 1749 853 1810 ut
875 1745 916 1809 ad
939 1767 989 1828 ea,
1017 1766 1098 1829 quae
1122 1766 1198 1810 oon·
1281 1749 1282 1790 l

241 1833 402 1900 iunctione
423 1834 519 1900 rebus
541 1834 606 1899 tuis
628 1837 717 1917 sunt,
743 1837 898 1916 revertar,
920 1832 1109 1917 Pompeium
1135 1834 1197 1899 tibi

242 1921 335 1986 valde
358 1922 496 1987 amioum
519 1944 587 1988 esse
606 1922 744 2008 oognovi
767 1925 800 1986 et
822 1943 859 1986 eo
878 1925 915 1985 tu
933 1922 1073 2004 consule,
1096 1943 1197 2005 quan-

242 2011 312 2074 tum
340 2031 400 2096 ego
428 2011 599 2096 perspicio,
632 2011 753 2092 omnia,
781 2031 862 2092 quae
893 2010 995 2093 voles,
1027 2010 1197 2096 obtinebis,

242 2098 359 2182 quibus
382 2099 417 2164 in
439 2098 535 2165 rebus
557 2121 608 2164 me
632 2099 693 2164 sibi
713 2100 768 2165 ille
792 2099 924 2164 affixum
941 2098 1074 2162 habebit
1092 2119 1198 2183 neque

243 2208 263 2251 a
284 2209 336 2252 me
359 2189 426 2252 ulla
447 2209 508 2272 res,
530 2209 612 2271 quae
629 2187 672 2252 ad
689 2191 722 2250 te
740 2187 909 2271 pertineat,
931 2186 1123 2272 negligetur,
1141 2208 1197 2252 ne·

243 2296 304 2358 que
327 2276 414 2339 enim
436 2275 582 2358 verebor,
609 2295 650 2340 ne
678 2275 739 2338 sim
761 2275 791 2338 ei
813 2275 980 2358 molestus,
1007 2275 1059 2340 oui
1085 2275 1197 2342 iucun-
1281 2285 1282 2304 ¹

243 2363 320 2426 dum
349 2362 411 2429 erit
437 2363 535 2426 etiam
560 2365 693 2447 propter
720 2383 754 2427 sa
780 2363 901 2446 ipsum,
927 2383 1026 2446 quum
1052 2385 1104 2428 me
1127 2386 1197 2429 esse
1281 2435 1282 2440 γ

208 2453 372 2534 egrotum
395 2450 524 2515 videbit.
561 2450 610 2515 ἰιι
633 2450 729 2515 velim
750 2450 810 2516 tibi
832 2451 880 2516 ιιι
901 2451 1103 2536 persuadeas,
1125 2453 1197 2519 nul·
1281 2445 1282 2534 l

243 2539 308 2604 lam
330 2560 399 2604 rem
422 2560 490 2604 esse
512 2539 688 2622 minimam,
710 2561 791 2623 quse
815 2538 855 2604 ad
872 2543 905 2604 te
924 2539 1093 2624 pertineat,
1115 2561 1198 2624 quae
1281 2539 1282 2610 l

243 2626 324 2690 mihi
345 2648 413 2692 non
435 2627 539 2693 oarior
562 2627 605 2692 sit
631 2649 728 2711 quam
754 2649 844 2692 meae
871 2649 922 2692 res
950 2649 1074 2712 omnes,
1100 2628 1197 2713 idque
1281 2675 1282 2718 ι

244 2729 344 2797 quum
371 2715 521 2800 sentiam,
548 2715 717 2780 sedulitate
743 2717 891 2780 mihimet
915 2717 984 2800 ipse
1012 2716 1197 2782 satisfacere
1281 2733 1282 2740 ’

242 2824 388 2886 possum,
413 2825 448 2868 re
476 2803 604 2888 quidem
630 2804 702 2888 ipse
728 2805 800 2869 ideo
828 2804 908 2868 mihi
929 2825 997 2870 non
1024 2805 1199 2890 satisfacio,
1281 2811 1282 2888 ζ

244 2891 330 2974 quod
353 2891 476 2956 nullam
497 2896 623 2976 partem
644 2895 775 2959 tuorum
796 2892 984 2958 meritorum
1010 2913 1079 2959 non
1100 2894 1198 2960 modo
1281 2931 1282 2960 ι

243 2979 423 3064 referenda,
453 2981 577 3046 sedne
604 2981 777 3066 cogitanda
804 2981 931 3065 quidem
959 2982 1064 3067 gratia
1087 3003 1199 3048 eonse-

209 3067 299 3150 iqui
326 3090 466 3152 possum.
516 3067 597 3134 Rem
628 3071 661 3132 te
688 3069 781 3134 valde
812 3069 894 3134 bene
923 3071 1060 3154 gessisse
1087 3092 1200 3137 rumor
1281 3091 1282 3100 ¹

244 3158 324 3220 erat
317 3157 615 3240 ,exspectabantur
632 3157 758 3224 litterae
776 3160 860 3242 tuae,
878 3157 918 3222 de
936 3157 1051 3242 quibus
1070 3179 1199 3226 eramus

243 3244 308 3308 iam
340 3266 413 3310 oum
435 3244 597 3329 Pompeio
628 3245 741 3327 locuti,
773 3266 855 3329 quae
887 3247 914 3310 si
946 3250 1041 3312 erunt
1071 3247 1200 3334 allatae,

243 3336 390 3398 nostrum
413 3333 554 3398 studium
577 3333 742 3398 exstabit
732 3355 768 3400 ιιι
786 3334 1013 3401 conveniendis
1029 3336 1200 3421 magistra·

313 3523 367 3593 Ep.
384 3530 408 3592 8,
428 3529 452 3578 3.
485 3525 631 3594 proposita
649 3526 762 3587 fueruat
776 3527 861 3596 (W.)
