<?xml version="1.0" encoding="UTF-8"?>
<!DOCTYPE html PUBLIC "-//W3C//DTD XHTML 1.0 Transitional//EN"
    "http://www.w3.org/TR/xhtml1/DTD/xhtml1-transitional.dtd">
<html xmlns="http://www.w3.org/1999/xhtml" xml:lang="en" lang="en">
 <head>
  <title>
</title>
<meta http-equiv="Content-Type" content="text/html;charset=utf-8" />
  <meta name='ocr-system' content='tesseract 3.04.00' />
  <meta name='ocr-capabilities' content='ocr_page ocr_carea ocr_par ocr_line ocrx_word'/>
</head>
<body>
  <div class='ocr_page' id='page_1' title='image "./epistolae00wesegoog_0227.png"; bbox 0 0 2658 3986; ppageno 0'>
   <div class='ocr_carea' id='block_1_1' title="bbox 394 225 1106 294">
    <p class='ocr_par' dir='ltr' id='par_1_1' title="bbox 394 225 1106 294">
     <span class='ocr_line' id='line_1_1' title="bbox 394 225 1106 294; baseline 0.021 -14"><span class='ocrx_word' id='word_1_1' title='bbox 394 225 651 282; x_wconf 71' lang='lat' dir='ltr'>EPISTOLARUM</span> <span class='ocrx_word' id='word_1_2' title='bbox 669 227 729 282; x_wconf 83' lang='lat' dir='ltr'><strong>vn.</strong></span> <span class='ocrx_word' id='word_1_3' title='bbox 749 233 862 284; x_wconf 82' lang='lat' dir='ltr'><strong>ao-aa.</strong></span> <span class='ocrx_word' id='word_1_4' title='bbox 1041 229 1106 294; x_wconf 74' lang='lat'><strong>215</strong></span> 
     </span>
    </p>
   </div>
   <div class='ocr_carea' id='block_1_2' title="bbox 575 475 680 542">
    <p class='ocr_par' dir='ltr' id='par_1_2' title="bbox 575 475 680 542">
     <span class='ocr_line' id='line_1_2' title="bbox 575 475 680 542; baseline 0 0"><span class='ocrx_word' id='word_1_5' title='bbox 575 475 680 542; x_wconf 87' lang='lat' dir='ltr'>XXII.</span> 
     </span>
    </p>
   </div>
   <div class='ocr_carea' id='block_1_3' title="bbox 391 577 770 646">
    <p class='ocr_par' dir='ltr' id='par_1_3' title="bbox 391 577 770 646">
     <span class='ocr_line' id='line_1_3' title="bbox 391 577 770 646; baseline 0.005 -4"><span class='ocrx_word' id='word_1_6' title='bbox 391 577 394 580; x_wconf 40' lang='lat'>¹</span> <span class='ocrx_word' id='word_1_7' title='bbox 486 587 544 643; x_wconf 81' lang='lat' dir='ltr'><strong>Sar.</strong></span> <span class='ocrx_word' id='word_1_8' title='bbox 564 605 636 643; x_wconf 89' lang='lat' dir='ltr'><strong>anno</strong></span> <span class='ocrx_word' id='word_1_9' title='bbox 655 590 770 646; x_wconf 84' lang='lat' dir='ltr'><strong>ineerta.</strong></span> 
     </span>
    </p>
   </div>
   <div class='ocr_carea' id='block_1_4' title="bbox 215 709 1106 900">
    <p class='ocr_par' dir='ltr' id='par_1_4' title="bbox 215 709 1106 900">
     <span class='ocr_line' id='line_1_4' title="bbox 412 709 841 770; baseline 0.012 -5"><span class='ocrx_word' id='word_1_10' title='bbox 412 709 541 766; x_wconf 77' lang='lat' dir='ltr'>CICERO</span> <span class='ocrx_word' id='word_1_11' title='bbox 561 713 745 770; x_wconf 82' lang='lat' dir='ltr'>TREBATIO</span> <span class='ocrx_word' id='word_1_12' title='bbox 765 713 841 770; x_wconf 78' lang='lat' dir='ltr'>SAL.</span> 
     </span>
     <span class='ocr_line' id='line_1_5' title="bbox 215 809 1106 900; baseline 0.004 -24"><span class='ocrx_word' id='word_1_13' title='bbox 215 809 369 877; x_wconf 84' lang='lat' dir='ltr'><strong>Illnseras</strong></span> <span class='ocrx_word' id='word_1_14' title='bbox 392 811 463 876; x_wconf 89' lang='lat' dir='ltr'><strong>heri</strong></span> <span class='ocrx_word' id='word_1_15' title='bbox 486 813 570 878; x_wconf 88' lang='lat' dir='ltr'><strong>inter</strong></span> <span class='ocrx_word' id='word_1_16' title='bbox 593 815 740 900; x_wconf 87' lang='lat' dir='ltr'><strong>scyphos,</strong></span> <span class='ocrx_word' id='word_1_17' title='bbox 763 816 849 900; x_wconf 90' lang='lat' dir='ltr'><strong>quod</strong></span> <span class='ocrx_word' id='word_1_18' title='bbox 869 815 1010 882; x_wconf 86' lang='lat' dir='ltr'>dixeram</span> <span class='ocrx_word' id='word_1_19' title='bbox 1032 837 1106 881; x_wconf 88' lang='lat' dir='ltr'><strong>oon·</strong></span> 
     </span>
    </p>
   </div>
   <div class='ocr_carea' id='block_1_5' title="bbox 147 901 1108 1502">
    <p class='ocr_par' dir='ltr' id='par_1_5' title="bbox 147 901 1108 1502">
     <span class='ocr_line' id='line_1_6' title="bbox 147 901 1108 989; baseline 0.004 -23"><span class='ocrx_word' id='word_1_20' title='bbox 147 901 341 966; x_wconf 84' lang='lat' dir='ltr'><strong>troversiam</strong></span> <span class='ocrx_word' id='word_1_21' title='bbox 363 922 441 985; x_wconf 85' lang='lat' dir='ltr'><strong>esse,</strong></span> <span class='ocrx_word' id='word_1_22' title='bbox 464 905 614 985; x_wconf 79' lang='lat' dir='ltr'><strong>possetne</strong></span> <span class='ocrx_word' id='word_1_23' title='bbox 632 903 735 989; x_wconf 88' lang='lat' dir='ltr'><strong>heres,</strong></span> <span class='ocrx_word' id='word_1_24' title='bbox 757 905 843 988; x_wconf 90' lang='lat' dir='ltr'><strong>quod</strong></span> <span class='ocrx_word' id='word_1_25' title='bbox 864 905 988 970; x_wconf 84' lang='lat' dir='ltr'><strong>furtum</strong></span> <span class='ocrx_word' id='word_1_26' title='bbox 1011 909 1108 970; x_wconf 84' lang='lat' dir='ltr'><strong>antea</strong></span> 
     </span>
     <span class='ocr_line' id='line_1_7' title="bbox 147 989 1107 1077; baseline 0.005 -24"><span class='ocrx_word' id='word_1_27' title='bbox 147 990 275 1054; x_wconf 81' lang='lat' dir='ltr'><strong>factum</strong></span> <span class='ocrx_word' id='word_1_28' title='bbox 293 993 386 1074; x_wconf 86' lang='lat' dir='ltr'><strong>esset,</strong></span> <span class='ocrx_word' id='word_1_29' title='bbox 407 989 487 1054; x_wconf 87' lang='lat' dir='ltr'><strong>furti</strong></span> <span class='ocrx_word' id='word_1_30' title='bbox 504 994 590 1054; x_wconf 86' lang='lat' dir='ltr'><strong>recte</strong></span> <span class='ocrx_word' id='word_1_31' title='bbox 610 1013 714 1077; x_wconf 83' lang='lat' dir='ltr'><strong>agere.</strong></span> <span class='ocrx_word' id='word_1_32' title='bbox 750 991 873 1077; x_wconf 88' lang='lat' dir='ltr'><strong>Itaque,</strong></span> <span class='ocrx_word' id='word_1_33' title='bbox 896 994 956 1060; x_wconf 86' lang='lat' dir='ltr'><strong>etsi</strong></span> <span class='ocrx_word' id='word_1_34' title='bbox 977 994 1107 1059; x_wconf 88' lang='lat' dir='ltr'><strong>domum</strong></span> 
     </span>
     <span class='ocr_line' id='line_1_8' title="bbox 148 1078 1107 1166; baseline 0.004 -24"><span class='ocrx_word' id='word_1_35' title='bbox 148 1078 233 1143; x_wconf 91' lang='lat' dir='ltr'><strong>bene</strong></span> <span class='ocrx_word' id='word_1_36' title='bbox 256 1081 353 1162; x_wconf 87' lang='lat' dir='ltr'><strong>potus</strong></span> <span class='ocrx_word' id='word_1_37' title='bbox 377 1099 510 1162; x_wconf 84' lang='lat' dir='ltr'><strong>seroque</strong></span> <span class='ocrx_word' id='word_1_38' title='bbox 534 1079 703 1163; x_wconf 79' lang='lat' dir='ltr'>redieram,</span> <span class='ocrx_word' id='word_1_39' title='bbox 731 1084 842 1146; x_wconf 87' lang='lat' dir='ltr'><strong>tamon</strong></span> <span class='ocrx_word' id='word_1_40' title='bbox 863 1081 897 1146; x_wconf 92' lang='lat' dir='ltr'><strong>id</strong></span> <span class='ocrx_word' id='word_1_41' title='bbox 920 1086 1029 1166; x_wconf 85' lang='lat' dir='ltr'><strong>eaput,</strong></span> <span class='ocrx_word' id='word_1_42' title='bbox 1051 1083 1107 1146; x_wconf 90' lang='lat' dir='ltr'><strong>ubi</strong></span> 
     </span>
     <span class='ocr_line' id='line_1_9' title="bbox 150 1167 1108 1256; baseline 0.004 -26"><span class='ocrx_word' id='word_1_43' title='bbox 150 1167 231 1231; x_wconf 87' lang='lat' dir='ltr'><strong>haee</strong></span> <span class='ocrx_word' id='word_1_44' title='bbox 250 1168 469 1232; x_wconf 78' lang='lat' dir='ltr'><strong>controversia</strong></span> <span class='ocrx_word' id='word_1_45' title='bbox 488 1170 546 1252; x_wconf 84' lang='lat' dir='ltr'><strong>est,</strong></span> <span class='ocrx_word' id='word_1_46' title='bbox 563 1168 675 1234; x_wconf 85' lang='lat' dir='ltr'><strong>notavi</strong></span> <span class='ocrx_word' id='word_1_47' title='bbox 689 1171 722 1234; x_wconf 84' lang='lat' dir='ltr'><strong>et</strong></span> <span class='ocrx_word' id='word_1_48' title='bbox 735 1169 930 1254; x_wconf 81' lang='lat' dir='ltr'><strong>descriptum</strong></span> <span class='ocrx_word' id='word_1_49' title='bbox 948 1171 1008 1235; x_wconf 84' lang='lat' dir='ltr'><strong>tibi</strong></span> <span class='ocrx_word' id='word_1_50' title='bbox 1026 1171 1108 1256; x_wconf 88' lang='lat' dir='ltr'><strong>misi,</strong></span> 
     </span>
     <span class='ocr_line' id='line_1_10' title="bbox 149 1255 1107 1344; baseline 0.004 -24"><span class='ocrx_word' id='word_1_51' title='bbox 149 1258 188 1320; x_wconf 91' lang='lat' dir='ltr'><strong>ut</strong></span> <span class='ocrx_word' id='word_1_52' title='bbox 206 1255 304 1320; x_wconf 80' lang='lat' dir='ltr'><strong>scires</strong></span> <span class='ocrx_word' id='word_1_53' title='bbox 322 1255 365 1337; x_wconf 92' lang='lat' dir='ltr'><strong>id,</strong></span> <span class='ocrx_word' id='word_1_54' title='bbox 387 1256 472 1339; x_wconf 89' lang='lat' dir='ltr'><strong>quod</strong></span> <span class='ocrx_word' id='word_1_55' title='bbox 490 1259 526 1320; x_wconf 87' lang='lat' dir='ltr'><strong>tu</strong></span> <span class='ocrx_word' id='word_1_56' title='bbox 544 1257 707 1322; x_wconf 90' lang='lat' dir='ltr'><strong>neminem</strong></span> <span class='ocrx_word' id='word_1_57' title='bbox 726 1258 863 1323; x_wconf 88' lang='lat' dir='ltr'><strong>sensisse</strong></span> <span class='ocrx_word' id='word_1_58' title='bbox 882 1258 1018 1344; x_wconf 85' lang='lat' dir='ltr'><strong>dicebas,</strong></span> <span class='ocrx_word' id='word_1_59' title='bbox 1037 1257 1107 1324; x_wconf 82' lang='lat' dir='ltr'><strong>Sex.</strong></span> 
     </span>
     <span class='ocr_line' id='line_1_11' title="bbox 151 1341 1106 1434; baseline 0.007 -27"><span class='ocrx_word' id='word_1_60' title='bbox 151 1341 296 1428; x_wconf 84' lang='lat' dir='ltr'><strong>Aelium,</strong></span> <span class='ocrx_word' id='word_1_61' title='bbox 327 1341 381 1407; x_wconf 90' lang='lat' dir='ltr'><strong>M&#39;.</strong></span> <span class='ocrx_word' id='word_1_62' title='bbox 407 1342 591 1428; x_wconf 87' lang='lat' dir='ltr'><strong>Manilium,</strong></span> <span class='ocrx_word' id='word_1_63' title='bbox 622 1345 666 1410; x_wconf 90' lang='lat' dir='ltr'><strong>M.</strong></span> <span class='ocrx_word' id='word_1_64' title='bbox 693 1343 832 1412; x_wconf 86' lang='lat' dir='ltr'><strong>Brutum</strong></span> <span class='ocrx_word' id='word_1_65' title='bbox 863 1347 1014 1414; x_wconf 89' lang='lat' dir='ltr'><strong>sensisse:</strong></span> <span class='ocrx_word' id='word_1_66' title='bbox 1046 1369 1106 1434; x_wconf 82' lang='lat' dir='ltr'><strong>ego</strong></span> 
     </span>
     <span class='ocr_line' id='line_1_12' title="bbox 150 1430 840 1502; baseline 0.009 -6"><span class='ocrx_word' id='word_1_67' title='bbox 150 1435 263 1497; x_wconf 86' lang='lat' dir='ltr'><strong>tamen</strong></span> <span class='ocrx_word' id='word_1_68' title='bbox 285 1430 456 1498; x_wconf 83' lang='lat' dir='ltr'><strong>Scaevolae</strong></span> <span class='ocrx_word' id='word_1_69' title='bbox 480 1437 513 1498; x_wconf 87' lang='lat' dir='ltr'><strong>et</strong></span> <span class='ocrx_word' id='word_1_70' title='bbox 535 1432 651 1500; x_wconf 80' lang='lat' dir='ltr'><strong>Testae</strong></span> <span class='ocrx_word' id='word_1_71' title='bbox 674 1435 840 1502; x_wconf 84' lang='lat' dir='ltr'><strong>assentior.</strong></span> 
     </span>
    </p>
   </div>
   <div class='ocr_carea' id='block_1_6' title="bbox 567 1645 689 1712">
    <p class='ocr_par' dir='ltr' id='par_1_6' title="bbox 567 1645 689 1712">
     <span class='ocr_line' id='line_1_13' title="bbox 567 1645 689 1712; baseline 0.016 -2"><span class='ocrx_word' id='word_1_72' title='bbox 567 1645 689 1712; x_wconf 86' lang='lat' dir='ltr'>XXIII.</span> 
     </span>
    </p>
   </div>
   <div class='ocr_carea' id='block_1_7' title="bbox 188 1755 1072 1900">
    <p class='ocr_par' dir='ltr' id='par_1_7' title="bbox 188 1755 1072 1900">
     <span class='ocr_line' id='line_1_14' title="bbox 188 1755 1072 1829; baseline 0.003 -18"><span class='ocrx_word' id='word_1_73' title='bbox 188 1755 246 1811; x_wconf 84' lang='lat' dir='ltr'><strong>Sor.</strong></span> <span class='ocrx_word' id='word_1_74' title='bbox 266 1755 371 1812; x_wconf 80' lang='lat' dir='ltr'><strong>Itomae</strong></span> <span class='ocrx_word' id='word_1_75' title='bbox 395 1757 471 1825; x_wconf 85' lang='lat' dir='ltr'><strong>(anto</strong></span> <span class='ocrx_word' id='word_1_76' title='bbox 489 1757 600 1813; x_wconf 76' lang='lat' dir='ltr'><strong>Tulliae</strong></span> <span class='ocrx_word' id='word_1_77' title='bbox 618 1759 727 1814; x_wconf 86' lang='lat' dir='ltr'><strong>obitum</strong></span> <span class='ocrx_word' id='word_1_78' title='bbox 745 1761 774 1814; x_wconf 88' lang='lat' dir='ltr'><strong>et</strong></span> <span class='ocrx_word' id='word_1_79' title='bbox 791 1760 856 1829; x_wconf 88' lang='lat' dir='ltr'><strong>post</strong></span> <span class='ocrx_word' id='word_1_80' title='bbox 873 1759 986 1814; x_wconf 87' lang='lat' dir='ltr'><strong>initium</strong></span> <span class='ocrx_word' id='word_1_81' title='bbox 1004 1759 1072 1815; x_wconf 87' lang='lat' dir='ltr'><strong>belli</strong></span> 
     </span>
     <span class='ocr_line' id='line_1_15' title="bbox 401 1826 860 1900; baseline 0.002 -18"><span class='ocrx_word' id='word_1_82' title='bbox 401 1826 500 1896; x_wconf 78' lang='lat' dir='ltr'><strong>civilis,</strong></span> <span class='ocrx_word' id='word_1_83' title='bbox 519 1829 638 1885; x_wconf 84' lang='lat' dir='ltr'><strong>fortasse</strong></span> <span class='ocrx_word' id='word_1_84' title='bbox 657 1847 681 1884; x_wconf 89' lang='lat' dir='ltr'><strong>a.</strong></span> <span class='ocrx_word' id='word_1_85' title='bbox 700 1849 726 1884; x_wconf 89' lang='lat' dir='ltr'><strong>u.</strong></span> <span class='ocrx_word' id='word_1_86' title='bbox 746 1847 770 1885; x_wconf 88' lang='lat' dir='ltr'><strong>e.</strong></span> <span class='ocrx_word' id='word_1_87' title='bbox 790 1835 860 1900; x_wconf 75' lang='lat'>708).</span> 
     </span>
    </p>
   </div>
   <div class='ocr_carea' id='block_1_8' title="bbox 318 1951 943 2010">
    <p class='ocr_par' dir='ltr' id='par_1_8' title="bbox 318 1951 943 2010">
     <span class='ocr_line' id='line_1_16' title="bbox 318 1951 943 2010; baseline 0.002 -3"><span class='ocrx_word' id='word_1_88' title='bbox 318 1951 362 2007; x_wconf 82' lang='lat' dir='ltr'><strong>M.</strong></span> <span class='ocrx_word' id='word_1_89' title='bbox 381 1951 509 2008; x_wconf 81' lang='lat' dir='ltr'>CICERO</span> <span class='ocrx_word' id='word_1_90' title='bbox 530 1953 557 2008; x_wconf 80' lang='lat' dir='ltr'><strong>S.</strong></span> <span class='ocrx_word' id='word_1_91' title='bbox 576 1953 609 2008; x_wconf 93' lang='lat' dir='ltr'><strong>D.</strong></span> <span class='ocrx_word' id='word_1_92' title='bbox 628 1953 665 2008; x_wconf 87' lang='lat' dir='ltr'><strong>M.</strong></span> <span class='ocrx_word' id='word_1_93' title='bbox 684 1954 795 2010; x_wconf 82' lang='lat' dir='ltr'>FADIO</span> <span class='ocrx_word' id='word_1_94' title='bbox 815 1953 943 2009; x_wconf 80' lang='lat' dir='ltr'><strong>GALLO.</strong></span> 
     </span>
    </p>
   </div>
   <div class='ocr_carea' id='block_1_9' title="bbox 152 2051 1222 3644">
    <p class='ocr_par' dir='ltr' id='par_1_9' title="bbox 152 2051 1222 3644">
     <span class='ocr_line' id='line_1_17' title="bbox 221 2051 1139 2138; baseline 0.002 -22"><span class='ocrx_word' id='word_1_95' title='bbox 221 2051 363 2118; x_wconf 81' lang='lat' dir='ltr'><strong>Tantum</strong></span> <span class='ocrx_word' id='word_1_96' title='bbox 386 2053 472 2138; x_wconf 87' lang='lat' dir='ltr'><strong>quod</strong></span> <span class='ocrx_word' id='word_1_97' title='bbox 495 2075 534 2118; x_wconf 86' lang='lat' dir='ltr'><strong>ex</strong></span> <span class='ocrx_word' id='word_1_98' title='bbox 556 2051 708 2138; x_wconf 74' lang='lat' dir='ltr'><strong>Arpinati</strong></span> <span class='ocrx_word' id='word_1_99' title='bbox 726 2075 885 2136; x_wconf 87' lang='lat' dir='ltr'><strong>veneram,</strong></span> <span class='ocrx_word' id='word_1_100' title='bbox 908 2075 1007 2138; x_wconf 90' lang='lat' dir='ltr'><strong>quum</strong></span> <span class='ocrx_word' id='word_1_101' title='bbox 1028 2053 1109 2118; x_wconf 89' lang='lat' dir='ltr'><strong>mihi</strong></span> <span class='ocrx_word' id='word_1_102' title='bbox 1127 2071 1139 2118; x_wconf 89' lang='lat'>1</span> 
     </span>
     <span class='ocr_line' id='line_1_18' title="bbox 152 2141 1109 2226; baseline 0 -22"><span class='ocrx_word' id='word_1_103' title='bbox 152 2162 174 2204; x_wconf 87' lang='lat' dir='ltr'><strong>a</strong></span> <span class='ocrx_word' id='word_1_104' title='bbox 202 2143 236 2204; x_wconf 89' lang='lat' dir='ltr'><strong>te</strong></span> <span class='ocrx_word' id='word_1_105' title='bbox 267 2141 393 2207; x_wconf 83' lang='lat' dir='ltr'><strong>litterae</strong></span> <span class='ocrx_word' id='word_1_106' title='bbox 424 2143 568 2207; x_wconf 78' lang='lat' dir='ltr'><strong>redditae</strong></span> <span class='ocrx_word' id='word_1_107' title='bbox 600 2146 690 2225; x_wconf 88' lang='lat' dir='ltr'><strong>sunt,</strong></span> <span class='ocrx_word' id='word_1_108' title='bbox 721 2143 762 2206; x_wconf 88' lang='lat' dir='ltr'><strong>ab</strong></span> <span class='ocrx_word' id='word_1_109' title='bbox 795 2142 969 2225; x_wconf 88' lang='lat' dir='ltr'><strong>eodemque</strong></span> <span class='ocrx_word' id='word_1_110' title='bbox 1001 2143 1109 2226; x_wconf 84' lang='lat' dir='ltr'><strong>accepi</strong></span> 
     </span>
     <span class='ocr_line' id='line_1_19' title="bbox 152 2225 1108 2316; baseline 0 -22"><span class='ocrx_word' id='word_1_111' title='bbox 152 2225 285 2294; x_wconf 82' lang='lat' dir='ltr'><strong>Avianii</strong></span> <span class='ocrx_word' id='word_1_112' title='bbox 302 2230 436 2314; x_wconf 83' lang='lat' dir='ltr'><strong>litteras,</strong></span> <span class='ocrx_word' id='word_1_113' title='bbox 456 2231 491 2296; x_wconf 94' lang='lat' dir='ltr'><strong>in</strong></span> <span class='ocrx_word' id='word_1_114' title='bbox 509 2231 625 2315; x_wconf 87' lang='lat' dir='ltr'><strong>quibus</strong></span> <span class='ocrx_word' id='word_1_115' title='bbox 643 2231 705 2296; x_wconf 85' lang='lat' dir='ltr'><strong>hoc</strong></span> <span class='ocrx_word' id='word_1_116' title='bbox 723 2231 828 2295; x_wconf 90' lang='lat' dir='ltr'><strong>inerat</strong></span> <span class='ocrx_word' id='word_1_117' title='bbox 840 2230 1108 2316; x_wconf 87' lang='lat' dir='ltr'><strong>liberalissimum,</strong></span> 
     </span>
     <span class='ocr_line' id='line_1_20' title="bbox 153 2318 1107 2405; baseline 0.001 -23"><span class='ocrx_word' id='word_1_118' title='bbox 153 2318 288 2383; x_wconf 90' lang='lat' dir='ltr'><strong>nomina</strong></span> <span class='ocrx_word' id='word_1_119' title='bbox 310 2341 344 2384; x_wconf 87' lang='lat' dir='ltr'><strong>se</strong></span> <span class='ocrx_word' id='word_1_120' title='bbox 366 2319 541 2402; x_wconf 84' lang='lat' dir='ltr'><strong>facturum,</strong></span> <span class='ocrx_word' id='word_1_121' title='bbox 569 2342 668 2404; x_wconf 89' lang='lat' dir='ltr'><strong>quum</strong></span> <span class='ocrx_word' id='word_1_122' title='bbox 690 2320 844 2405; x_wconf 86' lang='lat' dir='ltr'><strong>venisset,</strong></span> <span class='ocrx_word' id='word_1_123' title='bbox 875 2341 938 2403; x_wconf 90' lang='lat' dir='ltr'><strong>qua</strong></span> <span class='ocrx_word' id='word_1_124' title='bbox 960 2339 1021 2404; x_wconf 81' lang='lat' dir='ltr'><strong>ego</strong></span> <span class='ocrx_word' id='word_1_125' title='bbox 1043 2320 1107 2384; x_wconf 80' lang='lat' dir='ltr'><strong>vel·</strong></span> 
     </span>
     <span class='ocr_line' id='line_1_21' title="bbox 152 2406 1108 2494; baseline 0.002 -24"><span class='ocrx_word' id='word_1_126' title='bbox 152 2407 218 2472; x_wconf 88' lang='lat' dir='ltr'><strong>lem</strong></span> <span class='ocrx_word' id='word_1_127' title='bbox 241 2407 300 2472; x_wconf 89' lang='lat' dir='ltr'><strong>die.</strong></span> <span class='ocrx_word' id='word_1_128' title='bbox 344 2406 419 2492; x_wconf 85' lang='lat' dir='ltr'><strong>Fae,</strong></span> <span class='ocrx_word' id='word_1_129' title='bbox 442 2430 571 2493; x_wconf 84' lang='lat' dir='ltr'><strong>quaeso,</strong></span> <span class='ocrx_word' id='word_1_130' title='bbox 593 2409 649 2493; x_wconf 91' lang='lat' dir='ltr'><strong>qui</strong></span> <span class='ocrx_word' id='word_1_131' title='bbox 671 2429 731 2494; x_wconf 81' lang='lat' dir='ltr'><strong>ego</strong></span> <span class='ocrx_word' id='word_1_132' title='bbox 755 2430 835 2492; x_wconf 89' lang='lat' dir='ltr'><strong>sum,</strong></span> <span class='ocrx_word' id='word_1_133' title='bbox 858 2429 927 2472; x_wconf 88' lang='lat' dir='ltr'><strong>esse</strong></span> <span class='ocrx_word' id='word_1_134' title='bbox 949 2412 994 2473; x_wconf 90' lang='lat' dir='ltr'><strong>te:</strong></span> <span class='ocrx_word' id='word_1_135' title='bbox 1018 2412 1108 2473; x_wconf 89' lang='lat' dir='ltr'><strong>estne</strong></span> 
     </span>
     <span class='ocr_line' id='line_1_22' title="bbox 153 2495 1109 2582; baseline 0.004 -24"><span class='ocrx_word' id='word_1_136' title='bbox 153 2498 212 2559; x_wconf 90' lang='lat' dir='ltr'><strong>aut</strong></span> <span class='ocrx_word' id='word_1_137' title='bbox 238 2495 287 2560; x_wconf 86' lang='lat' dir='ltr'><strong>tui</strong></span> <span class='ocrx_word' id='word_1_138' title='bbox 313 2496 445 2580; x_wconf 88' lang='lat' dir='ltr'><strong>pudoris</strong></span> <span class='ocrx_word' id='word_1_139' title='bbox 473 2500 530 2561; x_wconf 88' lang='lat' dir='ltr'><strong>aut</strong></span> <span class='ocrx_word' id='word_1_140' title='bbox 551 2497 655 2562; x_wconf 87' lang='lat' dir='ltr'><strong>nostri</strong></span> <span class='ocrx_word' id='word_1_141' title='bbox 681 2499 820 2581; x_wconf 89' lang='lat' dir='ltr'><strong>primum</strong></span> <span class='ocrx_word' id='word_1_142' title='bbox 849 2517 964 2582; x_wconf 85' lang='lat' dir='ltr'><strong>rogare</strong></span> <span class='ocrx_word' id='word_1_143' title='bbox 987 2497 1025 2560; x_wconf 89' lang='lat' dir='ltr'><strong>de</strong></span> <span class='ocrx_word' id='word_1_144' title='bbox 1049 2496 1109 2581; x_wconf 91' lang='lat' dir='ltr'><strong>die,</strong></span> 
     </span>
     <span class='ocr_line' id='line_1_23' title="bbox 153 2583 1108 2670; baseline 0.002 -22"><span class='ocrx_word' id='word_1_145' title='bbox 153 2583 269 2648; x_wconf 90' lang='lat' dir='ltr'><strong>deinde</strong></span> <span class='ocrx_word' id='word_1_146' title='bbox 291 2585 365 2668; x_wconf 90' lang='lat' dir='ltr'><strong>plus</strong></span> <span class='ocrx_word' id='word_1_147' title='bbox 389 2607 498 2650; x_wconf 85' lang='lat' dir='ltr'><strong>annua</strong></span> <span class='ocrx_word' id='word_1_148' title='bbox 519 2585 705 2670; x_wconf 82' lang='lat' dir='ltr'><strong>postulare?</strong></span> <span class='ocrx_word' id='word_1_149' title='bbox 729 2586 785 2650; x_wconf 89' lang='lat' dir='ltr'><strong>sed</strong></span> <span class='ocrx_word' id='word_1_150' title='bbox 807 2590 924 2669; x_wconf 88' lang='lat' dir='ltr'><strong>essent,</strong></span> <span class='ocrx_word' id='word_1_151' title='bbox 946 2585 991 2650; x_wconf 88' lang='lat' dir='ltr'><strong>mi</strong></span> <span class='ocrx_word' id='word_1_152' title='bbox 1009 2584 1108 2670; x_wconf 80' lang='lat' dir='ltr'><strong>Galle,</strong></span> 
     </span>
     <span class='ocr_line' id='line_1_24' title="bbox 153 2672 1107 2759; baseline 0.002 -21"><span class='ocrx_word' id='word_1_153' title='bbox 153 2672 264 2738; x_wconf 88' lang='lat' dir='ltr'><strong>omnia</strong></span> <span class='ocrx_word' id='word_1_154' title='bbox 290 2673 411 2758; x_wconf 79' lang='lat' dir='ltr'><strong>facilia,</strong></span> <span class='ocrx_word' id='word_1_155' title='bbox 443 2673 471 2738; x_wconf 87' lang='lat' dir='ltr'><strong>si</strong></span> <span class='ocrx_word' id='word_1_156' title='bbox 498 2679 531 2738; x_wconf 91' lang='lat' dir='ltr'><strong>et</strong></span> <span class='ocrx_word' id='word_1_157' title='bbox 557 2695 595 2738; x_wconf 84' lang='lat' dir='ltr'><strong>aa</strong></span> <span class='ocrx_word' id='word_1_158' title='bbox 622 2677 780 2740; x_wconf 82' lang='lat' dir='ltr'><strong>mercatus</strong></span> <span class='ocrx_word' id='word_1_159' title='bbox 808 2695 906 2758; x_wconf 87' lang='lat' dir='ltr'><strong>esses,</strong></span> <span class='ocrx_word' id='word_1_160' title='bbox 939 2695 1020 2757; x_wconf 84' lang='lat' dir='ltr'><strong>quae</strong></span> <span class='ocrx_word' id='word_1_161' title='bbox 1048 2695 1107 2759; x_wconf 88' lang='lat' dir='ltr'><strong>ego</strong></span> 
     </span>
     <span class='ocr_line' id='line_1_25' title="bbox 153 2760 1108 2846; baseline 0.003 -21"><span class='ocrx_word' id='word_1_162' title='bbox 153 2760 384 2846; x_wconf 87' lang='lat' dir='ltr'><strong>desiderabam,</strong></span> <span class='ocrx_word' id='word_1_163' title='bbox 406 2764 439 2826; x_wconf 89' lang='lat' dir='ltr'><strong>et</strong></span> <span class='ocrx_word' id='word_1_164' title='bbox 460 2761 502 2826; x_wconf 91' lang='lat' dir='ltr'><strong>ad</strong></span> <span class='ocrx_word' id='word_1_165' title='bbox 524 2783 596 2828; x_wconf 87' lang='lat' dir='ltr'><strong>eam</strong></span> <span class='ocrx_word' id='word_1_166' title='bbox 618 2785 789 2846; x_wconf 84' lang='lat' dir='ltr'><strong>summam,</strong></span> <span class='ocrx_word' id='word_1_167' title='bbox 812 2784 909 2846; x_wconf 90' lang='lat' dir='ltr'><strong>quam</strong></span> <span class='ocrx_word' id='word_1_168' title='bbox 931 2763 1108 2846; x_wconf 73' lang='lat' dir='ltr'><strong>volueram,</strong></span> 
     </span>
     <span class='ocr_line' id='line_1_26' title="bbox 153 2850 1107 2935; baseline 0.004 -22"><span class='ocrx_word' id='word_1_169' title='bbox 153 2870 192 2913; x_wconf 87' lang='lat' dir='ltr'><strong>ao</strong></span> <span class='ocrx_word' id='word_1_170' title='bbox 215 2852 325 2914; x_wconf 89' lang='lat' dir='ltr'><strong>tamen</strong></span> <span class='ocrx_word' id='word_1_171' title='bbox 347 2850 410 2914; x_wconf 89' lang='lat' dir='ltr'><strong>ista</strong></span> <span class='ocrx_word' id='word_1_172' title='bbox 432 2851 512 2935; x_wconf 87' lang='lat' dir='ltr'><strong>ipsa,</strong></span> <span class='ocrx_word' id='word_1_173' title='bbox 535 2872 616 2934; x_wconf 88' lang='lat' dir='ltr'><strong>quae</strong></span> <span class='ocrx_word' id='word_1_174' title='bbox 640 2855 671 2914; x_wconf 87' lang='lat' dir='ltr'><strong>te</strong></span> <span class='ocrx_word' id='word_1_175' title='bbox 696 2851 809 2916; x_wconf 86' lang='lat' dir='ltr'><strong>emisse</strong></span> <span class='ocrx_word' id='word_1_176' title='bbox 829 2850 950 2935; x_wconf 83' lang='lat' dir='ltr'><strong>scribis,</strong></span> <span class='ocrx_word' id='word_1_177' title='bbox 972 2873 1040 2916; x_wconf 90' lang='lat' dir='ltr'><strong>non</strong></span> <span class='ocrx_word' id='word_1_178' title='bbox 1059 2872 1107 2916; x_wconf 87' lang='lat' dir='ltr'><strong>so·</strong></span> 
     </span>
     <span class='ocr_line' id='line_1_27' title="bbox 152 2938 1108 3024; baseline 0.002 -22"><span class='ocrx_word' id='word_1_179' title='bbox 152 2938 223 3002; x_wconf 92' lang='lat' dir='ltr'><strong>lum</strong></span> <span class='ocrx_word' id='word_1_180' title='bbox 244 2941 316 3001; x_wconf 88' lang='lat' dir='ltr'><strong>rata</strong></span> <span class='ocrx_word' id='word_1_181' title='bbox 338 2939 419 3004; x_wconf 89' lang='lat' dir='ltr'><strong>mihi</strong></span> <span class='ocrx_word' id='word_1_182' title='bbox 441 2943 549 3022; x_wconf 90' lang='lat' dir='ltr'><strong>erunt,</strong></span> <span class='ocrx_word' id='word_1_183' title='bbox 572 2939 628 3003; x_wconf 90' lang='lat' dir='ltr'><strong>sed</strong></span> <span class='ocrx_word' id='word_1_184' title='bbox 651 2939 748 3004; x_wconf 86' lang='lat' dir='ltr'><strong>etiam</strong></span> <span class='ocrx_word' id='word_1_185' title='bbox 770 2942 876 3024; x_wconf 75' lang='lat' dir='ltr'><strong>grata,</strong></span> <span class='ocrx_word' id='word_1_186' title='bbox 903 2940 999 3023; x_wconf 89' lang='lat' dir='ltr'><strong>plane</strong></span> <span class='ocrx_word' id='word_1_187' title='bbox 1022 2940 1108 3004; x_wconf 88' lang='lat' dir='ltr'><strong>enim</strong></span> 
     </span>
     <span class='ocr_line' id='line_1_28' title="bbox 153 3025 1222 3112; baseline 0.003 -23"><span class='ocrx_word' id='word_1_188' title='bbox 153 3025 301 3112; x_wconf 82' lang='lat' dir='ltr'><strong>intelligo</strong></span> <span class='ocrx_word' id='word_1_189' title='bbox 332 3030 365 3092; x_wconf 91' lang='lat' dir='ltr'><strong>te</strong></span> <span class='ocrx_word' id='word_1_190' title='bbox 398 3049 465 3092; x_wconf 92' lang='lat' dir='ltr'><strong>non</strong></span> <span class='ocrx_word' id='word_1_191' title='bbox 496 3028 592 3093; x_wconf 91' lang='lat' dir='ltr'><strong>modo</strong></span> <span class='ocrx_word' id='word_1_192' title='bbox 624 3027 744 3110; x_wconf 88' lang='lat' dir='ltr'><strong>studio,</strong></span> <span class='ocrx_word' id='word_1_193' title='bbox 780 3027 836 3092; x_wconf 87' lang='lat' dir='ltr'><strong>sed</strong></span> <span class='ocrx_word' id='word_1_194' title='bbox 872 3028 969 3092; x_wconf 89' lang='lat' dir='ltr'><strong>etiam</strong></span> <span class='ocrx_word' id='word_1_195' title='bbox 1000 3049 1108 3092; x_wconf 89' lang='lat' dir='ltr'><strong>amore</strong></span> <span class='ocrx_word' id='word_1_196' title='bbox 1217 3097 1222 3102; x_wconf 69' lang='grc'>,</span> 
     </span>
     <span class='ocr_line' id='line_1_29' title="bbox 153 3116 1109 3202; baseline 0 -22"><span class='ocrx_word' id='word_1_197' title='bbox 153 3135 258 3198; x_wconf 86' lang='lat' dir='ltr'><strong>usum,</strong></span> <span class='ocrx_word' id='word_1_198' title='bbox 281 3137 362 3200; x_wconf 85' lang='lat' dir='ltr'><strong>quae</strong></span> <span class='ocrx_word' id='word_1_199' title='bbox 380 3119 414 3182; x_wconf 91' lang='lat' dir='ltr'><strong>te</strong></span> <span class='ocrx_word' id='word_1_200' title='bbox 434 3116 632 3200; x_wconf 85' lang='lat' dir='ltr'><strong>delectarint,</strong></span> <span class='ocrx_word' id='word_1_201' title='bbox 654 3116 827 3198; x_wconf 89' lang='lat' dir='ltr'><strong>hominem,</strong></span> <span class='ocrx_word' id='word_1_202' title='bbox 849 3120 886 3181; x_wconf 90' lang='lat' dir='ltr'><strong>ut</strong></span> <span class='ocrx_word' id='word_1_203' title='bbox 904 3137 964 3202; x_wconf 83' lang='lat' dir='ltr'><strong>ego</strong></span> <span class='ocrx_word' id='word_1_204' title='bbox 984 3137 1109 3198; x_wconf 86' lang='lat' dir='ltr'><strong>semper</strong></span> 
     </span>
     <span class='ocr_line' id='line_1_30' title="bbox 152 3203 1108 3290; baseline 0.001 -23"><span class='ocrx_word' id='word_1_205' title='bbox 152 3203 306 3287; x_wconf 81' lang='lat' dir='ltr'><strong>iudicavi,</strong></span> <span class='ocrx_word' id='word_1_206' title='bbox 328 3205 364 3268; x_wconf 92' lang='lat' dir='ltr'><strong>in</strong></span> <span class='ocrx_word' id='word_1_207' title='bbox 387 3205 475 3270; x_wconf 92' lang='lat' dir='ltr'><strong>omni</strong></span> <span class='ocrx_word' id='word_1_208' title='bbox 497 3204 614 3270; x_wconf 84' lang='lat' dir='ltr'><strong>iudicio</strong></span> <span class='ocrx_word' id='word_1_209' title='bbox 638 3205 926 3290; x_wconf 84' lang='lat' dir='ltr'><strong>elegantissimum,</strong></span> <span class='ocrx_word' id='word_1_210' title='bbox 953 3224 1034 3287; x_wconf 90' lang='lat' dir='ltr'><strong>quae</strong></span> <span class='ocrx_word' id='word_1_211' title='bbox 1057 3225 1108 3268; x_wconf 86' lang='lat' dir='ltr'><strong>mo</strong></span> 
     </span>
     <span class='ocr_line' id='line_1_31' title="bbox 153 3291 1141 3377; baseline -0.003 -22"><span class='ocrx_word' id='word_1_212' title='bbox 153 3291 254 3377; x_wconf 85' lang='lat' dir='ltr'><strong>digna</strong></span> <span class='ocrx_word' id='word_1_213' title='bbox 275 3291 409 3377; x_wconf 83' lang='lat' dir='ltr'><strong>putaris,</strong></span> <span class='ocrx_word' id='word_1_214' title='bbox 432 3293 593 3358; x_wconf 73' lang='lat' dir='ltr'><strong>oodmisse.</strong></span> <span class='ocrx_word' id='word_1_215' title='bbox 634 3291 697 3357; x_wconf 85' lang='lat' dir='ltr'><strong>Sed</strong></span> <span class='ocrx_word' id='word_1_216' title='bbox 720 3294 815 3358; x_wconf 86' lang='lat' dir='ltr'><strong>velim</strong></span> <span class='ocrx_word' id='word_1_217' title='bbox 838 3295 968 3356; x_wconf 89' lang='lat' dir='ltr'><strong>maneat</strong></span> <span class='ocrx_word' id='word_1_218' title='bbox 989 3291 1141 3356; x_wconf 82' lang='lat' dir='ltr'><strong>Dama-a</strong></span> 
     </span>
     <span class='ocr_line' id='line_1_32' title="bbox 154 3379 1107 3465; baseline 0 -21"><span class='ocrx_word' id='word_1_219' title='bbox 154 3379 266 3464; x_wconf 77' lang='lat' dir='ltr'><strong>rippus</strong></span> <span class='ocrx_word' id='word_1_220' title='bbox 288 3381 324 3445; x_wconf 94' lang='lat' dir='ltr'><strong>in</strong></span> <span class='ocrx_word' id='word_1_221' title='bbox 346 3382 519 3464; x_wconf 70' lang='lat' dir='ltr'><strong>sententia,</strong></span> <span class='ocrx_word' id='word_1_222' title='bbox 546 3404 677 3465; x_wconf 87' lang='lat' dir='ltr'><strong>prorsus</strong></span> <span class='ocrx_word' id='word_1_223' title='bbox 706 3381 792 3445; x_wconf 88' lang='lat' dir='ltr'><strong>enim</strong></span> <span class='ocrx_word' id='word_1_224' title='bbox 819 3401 859 3444; x_wconf 87' lang='lat' dir='ltr'><strong>ex</strong></span> <span class='ocrx_word' id='word_1_225' title='bbox 880 3380 950 3444; x_wconf 87' lang='lat' dir='ltr'><strong>istis</strong></span> <span class='ocrx_word' id='word_1_226' title='bbox 975 3381 1107 3463; x_wconf 89' lang='lat' dir='ltr'><strong>emptio·</strong></span> 
     </span>
     <span class='ocr_line' id='line_1_33' title="bbox 156 3468 1108 3553; baseline 0 -21"><span class='ocrx_word' id='word_1_227' title='bbox 156 3469 249 3533; x_wconf 88' lang='lat' dir='ltr'><strong>nibus</strong></span> <span class='ocrx_word' id='word_1_228' title='bbox 277 3469 401 3534; x_wconf 88' lang='lat' dir='ltr'><strong>nullam</strong></span> <span class='ocrx_word' id='word_1_229' title='bbox 424 3469 581 3553; x_wconf 80' lang='lat' dir='ltr'><strong>desider03</strong></span> <span class='ocrx_word' id='word_1_230' title='bbox 607 3473 643 3534; x_wconf 92' lang='lat' dir='ltr'><strong>tu</strong></span> <span class='ocrx_word' id='word_1_231' title='bbox 672 3474 779 3534; x_wconf 88' lang='lat' dir='ltr'><strong>autem</strong></span> <span class='ocrx_word' id='word_1_232' title='bbox 806 3469 938 3553; x_wconf 83' lang='lat' dir='ltr'><strong>ignarus</strong></span> <span class='ocrx_word' id='word_1_233' title='bbox 967 3468 1108 3532; x_wconf 89' lang='lat' dir='ltr'><strong>inst&#39;tuti</strong></span> 
     </span>
     <span class='ocr_line' id='line_1_34' title="bbox 155 3556 1108 3644; baseline 0 -24"><span class='ocrx_word' id='word_1_234' title='bbox 155 3556 230 3641; x_wconf 88' lang='lat' dir='ltr'><strong>mei,</strong></span> <span class='ocrx_word' id='word_1_235' title='bbox 259 3559 374 3641; x_wconf 88' lang='lat' dir='ltr'><strong>quanti</strong></span> <span class='ocrx_word' id='word_1_236' title='bbox 401 3579 461 3644; x_wconf 83' lang='lat' dir='ltr'><strong>ego</strong></span> <span class='ocrx_word' id='word_1_237' title='bbox 489 3579 591 3644; x_wconf 81' lang='lat' dir='ltr'><strong>genus</strong></span> <span class='ocrx_word' id='word_1_238' title='bbox 614 3558 746 3624; x_wconf 89' lang='lat' dir='ltr'><strong>omnino</strong></span> <span class='ocrx_word' id='word_1_239' title='bbox 775 3556 940 3641; x_wconf 84' lang='lat' dir='ltr'><strong>signorum</strong></span> <span class='ocrx_word' id='word_1_240' title='bbox 965 3557 1108 3620; x_wconf 89' lang='lat' dir='ltr'><strong>omnium</strong></span> 
     </span>
    </p>
   </div>
   <div class='ocr_carea' id='block_1_10' title="bbox 0 0 1343 3986">
    <p class='ocr_par' dir='ltr' id='par_1_10' title="bbox 0 0 1343 3986">
     <span class='ocr_line' id='line_1_35' title="bbox 0 0 1343 3986; baseline 0 0"><span class='ocrx_word' id='word_1_241' title='bbox 0 0 1343 3986; x_wconf 95' lang='lat' dir='ltr'><strong> </strong></span> 
     </span>
    </p>
   </div>
  </div>
 </body>
</html>
