2578 3978
21 473 37 508 ἲ(

11 656 46 669 ’.ἢ

11 761 45 806 ηε

11 867 13 896 l

66 1630 74 1642 .

185 121 936 309 &maiales-Skarzalwp»,

211 301 375 396 ἰᾷ]
404 305 484 375 (00

213 441 316 536 ‘lu

378 744 711 836 PRAEFATIO.

493 932 594 948 m

144 1090 385 1174 Conscribenti
403 1103 483 1168 mihi
496 1101 622 1168 XXXII
641 1102 759 1168 abhinc
773 1122 876 1168 annos
889 1099 1025 1186 „Emen-

51 1209 206 1275 dationes
219 1209 264 1275 M
273 1209 373 1275 Tullii
388 1205 552 1274 Ciceronis
565 1207 810 1294 Epistolarum“
822 1207 1025 1293 propositum

51 1319 123 1379 erat
157 1315 188 1380 si
205 1315 304 1381 modo
318 1316 405 1380 esset
417 1313 531 1398 peritis
545 1313 818 1380 existimatoribus
831 1333 904 1378 mea
917 1296 1024 1378 emen·

50 1419 155 1484 dandi
177 1420 264 1486 ratio
285 1420 437 1505 probata,
464 1421 522 1484 aut
547 1419 656 1503 ipsum
678 1440 733 1484 eas
756 1419 909 1502 epistolas
932 1419 1024 1484 edere

51 1528 113 1589 aut
134 1528 239 1608 certe,
266 1524 354 1610 quod
379 1525 415 1589 in
438 1527 511 1590 octo
533 1524 695 1609 prioribus
717 1524 809 1590 libris
832 1524 874 1589 ad
895 1523 1024 1609 „Fami-

50 1629 177 1694 hares“
193 1630 356 1713 fecissem,
378 1632 417 1695 nt
433 1629 583 1715 graviora
601 1630 710 1695 omnia
728 1629 926 1714 certioraque
942 1629 1025 1695 ¹uitia

52 1736 219 1820 corrigere
238 1756 386 1819 conarer,
407 1734 495 1799 idem
514 1734 551 1798 in
573 1735 687 1800 ceteris
706 1735 856 1800 omnibus
879 1734 1024 1819 epistolis

54 1837 212 1925 (quarum
229 1841 296 1906 iam
317 1841 391 1924 plus
410 1837 490 1906 000
508 1839 596 1905 locos
614 1839 650 1904 in
671 1839 728 1906 illo
745 1840 855 1905 libello
872 1838 1023 1922 tractavi)

11 1958 13 2012 l
55 1945 262 2010 scholasticis
308 1945 432 2030 aliquot
475 1967 571 2010 usum
614 1944 863 2030 programmatis
910 1944 1023 2010 facere.

11 2059 12 2086 ³
55 2048 187 2115 Conatn
204 2071 278 2114 meo
296 2054 329 2115 et
346 2050 546 2116 nostratibus
564 2052 597 2114 et
610 2048 780 2116 Germanis
799 2049 903 2133 magis
917 2049 1024 2133 etiam,

57 2176 155 2239 qnam
189 2174 405 2240 speraveram,
436 2156 575 2240 probato
606 2157 716 2220 tamen
748 2155 790 2220 ad
821 2153 886 2218 alia
918 2152 1024 2218 studia

11 2259 12 2316 ἶ
55 2280 234 2325 conversus
256 2263 307 2326 tot
327 2261 421 2325 annis
443 2263 595 2325 neutrum
621 2260 773 2344 feceram,
801 2280 901 2344 quum
929 2259 1023 2323 annis

11 2405 12 2408 =
55 2379 357 2431 unoccnxvl-vn
378 2365 500 2450 prodiit
516 2367 552 2430 in
573 2365 739 2450 publicum
752 2363 875 2429 Baiteri
892 2363 1023 2448 Episto-

11 2461 12 2520 Ῐ
55 2469 163 2534 larum
187 2469 294 2535 editio.
337 2469 372 2535 Is
394 2471 515 2555 optime
536 2471 591 2535 ille
613 2470 743 2555 quidem
766 2469 805 2534 de
826 2470 867 2534 iis
889 2469 1023 2534 meritus

11 2613 12 2670 ,
55 2579 108 2640 est
139 2597 242 2660 quum
271 2575 444 2660 permulta,
477 2597 560 2660 qnae
592 2574 755 2640 Orelliana
791 2574 888 2640 editio
920 2575 1023 2639 altera

11 2675 12 2682 '
56 2683 213 2764 corrupta
225 2668 407 2764 reliquerat,
419 2680 540 2766 partim
553 2702 593 2746 ex
606 2677 769 2746 codicibus
782 2701 881 2745 manu
895 2679 1022 2765 scriptis

11 2841 12 2874 3
55 2786 179 2870 partim
211 2805 251 2850 ex
282 2785 473 2850 coniecturis
507 2786 559 2852 vel
595 2785 662 2851 suis
694 2783 778 2872 (non
809 2784 938 2871 multis)
972 2786 1023 2850 vel
1137 2822 1140 2826 ·

11 2887 12 2916 ³
56 2891 197 2956 aliorum
219 2890 432 2974 emendando,
458 2892 529 2956 tum
556 2891 830 2962 accuratissimam
855 2892 1022 2977 utriusque

56 2996 177 3064 codicis
204 2993 342 3060 Medicei
368 2995 574 3061 collationem
596 2979 701 3061 totam
723 2996 933 3082 divulgand03
966 2998 1023 3063 sed

56 3102 151 3184 milri,
179 3101 272 3166 cuins
294 3103 405 3176 tamen
427 3099 668 3166 emendationes
690 3102 757 3166 fere
781 3123 892 3168 omnes
914 3101 965 3167 vel
987 3102 1023 3165 in

55 3210 182 3272 textum
202 3208 371 3290 receperat
391 3207 443 3270 vel
464 3205 501 3270 in
523 3205 733 3288 annotatione
754 3206 866 3272 critica
883 3227 1021 3272 comme·

57 3313 252 3395 moraverat,
282 3331 352 3375 non
379 3310 547 3394 satisfecit3
580 3333 680 3396 quum
706 3311 770 3376 alia
801 3312 889 3376 enim
919 3309 1022 3375 multa

57 3418 133 3483 mihi
153 3438 274 3503 parum
287 3417 375 3480 recte
397 3414 512 3480 fecisse
530 3415 669 3500 videtur,
691 3415 912 3481 tummaxime
935 3414 1022 3499 quod

11 3619 12 3624 γ
57 3525 152 3590 multo
171 3521 320 3608 saepius,
345 3541 441 3603 quam
462 3517 621 3606 parerat,
643 3521 855 3607 interpolatos
873 3520 1020 3586 meliores
