2578 3978
464 181 680 238 PRAEFATIO.
1023 183 1050 239 V

15 321 18 336 ’
76 364 181 428 quem
203 341 284 428 dixi,
306 342 498 407 fasciculum
519 342 690 407 reservavi.
734 335 895 426 Tempora
917 342 1049 427 scripta·

76 471 155 513 rum
175 448 364 514 damnumve
383 447 592 530 epistolarum
608 447 719 532 paullo
737 447 929 531 accuratius,
953 469 1051 532 quam

15 589 16 642 ἦ
77 553 161 617 fecit
183 551 349 637 Baiterus,
376 551 486 616 studui
512 551 653 617 definire.
702 550 953 618 Distinctioncm
980 573 1050 618 sen·

77 657 277 743 tentiarum,
305 679 388 743 quae
414 657 452 722 in
477 657 623 742 epistolis
651 657 773 722 scilieet
793 659 897 723 multo
919 656 1051 722 maioris

80 783 186 846 quam
212 763 250 826 in
280 763 353 827 ediis
383 762 475 829 libris
502 762 658 828 momenti
685 765 748 846 est,
778 762 845 828 iam
876 785 896 828 a
921 761 1051 827 Baitero

15 887 17 912 ³
79 889 211 953 magna
239 888 278 932 ex
306 870 400 952 parte
423 867 627 933 emendatam
653 870 690 931 ut
711 868 816 954 magis
840 868 938 933 ctiam
959 869 1052 952 perfi-

81 994 208 1058 cerem,
240 993 357 1058 operae
387 972 583 1057 permultum
610 971 691 1037 dedi.
745 971 867 1049 Quibus
897 972 1054 1060 Madvigii

81 1077 430 1162 meieorreotionibus
453 1075 550 1162 (qnae
573 1077 698 1142 utinam
721 1078 823 1143 multo
845 1079 953 1163 plures
975 1077 1054 1143 fuis·
1087 1059 1092 1082 ¹

84 1181 198 1268 senti)
225 1183 304 1248 olim
337 1183 417 1248 mihi
444 1182 570 1248 occasio
601 1182 714 1247 utendi
744 1183 834 1247 nulla
864 1182 983 1268 fuerat,
1014 1183 1054 1247 iis

83 1288 177 1353 hanc
200 1287 374 1354 editionem
396 1288 522 1372 omari3
544 1289 635 1352 nulla
656 1291 823 1372 praeterea
840 1309 926 1353 nova
949 1309 1055 1353 emen·

86 1391 193 1456 dandi
215 1392 358 1458 subsidia
378 1393 479 1458 habui
499 1393 564 1458 nisi
581 1391 703 1458 Klotzii
725 1392 900 1458 editionem
921 1393 1056 1458 alteram

87 1501 125 1562 et
160 1483 295 1563 Krausii
328 1493 634 1583 „emendationes
675 1499 791 1584 quibus
826 1499 1057 1564 nonnullorum

87 1603 240 1668 locorum
275 1604 507 1670 correctionem
547 1607 711 1688 acceptam
746 1603 859 1669 refero.
929 1601 1057 1669 Discre-

15 1741 17 1748 ν
87 1708 243 1792 pontiam
255 1729 346 1774 meae
360 1709 510 1775 editionis
524 1730 545 1773 a
557 1708 757 1792 Baitcriana,
776 1708 804 1772 si
818 1730 838 1772 a
851 1708 1057 1774 distinctione

89 1812 253 1878 orationis
271 1816 368 1899 atquc
388 1835 409 1878 a
427 1814 599 1879 vorborum
616 1813 850 1900 orthographia
867 1813 1059 1898 discesseris,

90 1939 227 1984 omnem
262 1918 393 2004 eiusque
430 1918 638 1984 auctoritates
680 1940 778 2005 quam
814 1919 1059 2004 diligentissime

89 2022 239 2089 indicavi
260 2023 470 2090 annotatione
493 2023 553 2088 sub
575 2024 647 2108 ipso
673 2027 765 2088 textu
786 2024 907 2108 posita,
933 2025 969 2088 in
995 2046 1060 2110 qua

91 2149 156 2213 ego
182 2149 255 2192 sum
275 2127 311 2193 in
338 2128 483 2212 epistolis
511 2128 552 2193 ad
574 2127 809 2214 „Familiares“
831 2131 864 2192 et
885 2128 926 2193 ad
949 2127 986 2204 Q.
1008 2127 1060 2194 Fr.

90 2233 213 2299 iisdem
242 2233 310 2298 fere
339 2234 427 2298 notis
458 2255 536 2299 usus
568 2237 664 2320 atquc
693 2232 844 2317 Orellius,
875 2236 913 2298 ut
942 2233 991 2299 M.
1019 2234 1062 2298 sit

92 2337 199 2404 codex
206 2336 378 2423 Mediceis,
391 2359 415 2404 c.
425 2337 667 2424 Cratandrinus,
679 2339 721 2404 A.
735 2339 783 2404 ed.
791 2337 1063 2424 „antiquissima“,

92 2444 139 2511 N.-
162 2441 212 2508 cd
234 2441 453 2529 Neapolitana
477 2444 575 2529 1474,
598 2443 639 2510 R.
662 2443 711 2510 ed
733 2442 884 2510 Romana
907 2444 1006 2529 1470,
1028 2442 1062 2510 J.

92 2549 144 2614 ed
166 2545 370 2614 Jensoniana
394 2549 493 2634 1470,
516 2550 589 2634 cet.;
616 2549 804 2634 scripturas,
827 2549 855 2614 si
878 2571 959 2635 quae
982 2549 1063 2614 mihi

93 2653 202 2740 magis
239 2653 386 2720 minusve
420 2653 563 2719 incertae
598 2654 803 2739 ridebantur,
842 2654 1063 2740 interrogandi

92 2761 191 2846 signo
217 2758 345 2844 notavi,
375 2779 536 2845 quumque
562 2758 671 2844 plures
697 2759 805 2844 posui,
836 2759 942 2844 prima
968 2782 1062 2846 quac·

93 2887 156 2952 que
178 2863 413 2950 probatissima
434 2863 515 2928 mihi
536 2863 603 2928 fere
625 2864 696 2930 fuit.

164 3015 857 3088 scripsiViburgiinruuaneiamensenecembri
870 3033 1061 3074 amcam.

305 3259 494 3334 Albsrtns
522 3259 729 3335 Sadolinus
756 3259 1011 3351 Wesenberg.
