2578 3978
234 225 255 290 8
521 224 558 278 M.
574 222 696 279 TULLII
715 221 906 280 CICERONIS

233 368 298 434 illis
320 367 427 435 fraudi
450 389 547 452 quam
569 367 629 432 tibi
651 367 804 432 futurum.
840 366 871 432 A
893 387 944 432 me
967 367 1092 432 nullum
1108 369 1197 431 tem-

234 479 295 542 pus
318 455 585 542 praetermittitur
608 455 646 519 de
666 456 731 520 tuis
750 455 845 520 rebus
863 458 897 520 et
914 454 1032 540 agendi
1050 457 1083 518 et
1103 455 1197 540 cogi·

234 545 339 628 tandi3
361 547 436 610 utor
458 543 500 608 ad
522 544 631 609 omnia
654 542 689 620 Q.
714 541 845 628 Selicio,
871 563 974 626 neque
1002 542 1089 608 enim
1115 565 1195 626 pru-

234 633 414 700 dentiorem
432 653 625 717 quemquam
642 653 680 695 ex
698 632 762 696 tuis
780 653 884 717 neque
902 631 964 696 fide
985 631 1106 696 maiore
1120 651 1196 695 esse
1285 657 1286 710 3

234 722 341 788 iudico
363 742 468 805 neque
492 720 704 785 amantiorem
725 720 783 785 tui.

663 912 704 979 V.
726 914 757 979 b.

266 1023 324 1082 Scr.
337 1025 442 1082 Itomae
456 1041 550 1082 mense
565 1025 717 1082 Februario
732 1025 809 1095 (post
821 1023 868 1078 VI.
882 1023 958 1093 Idus)
974 1039 998 1078 a.
1013 1039 1039 1078 n.
1054 1038 1078 1077 e.
1093 1028 1153 1078 6b8.
1286 1012 1287 1088 ζ

375 1149 413 1204 Μ.
428 1148 556 1204 CICERO
576 1147 602 1204 S,
616 1149 650 1202 D.
664 1149 694 1202 P.
709 1146 881 1204 LENTULO
901 1145 1046 1203 PROCOS.

202 1263 215 1310 1
301 1248 364 1314 Hic
388 1270 469 1333 quae
493 1251 632 1333 agantur
655 1268 799 1331 quaeque
822 1251 895 1312 acts
917 1247 992 1330 sint,
1016 1242 1077 1333 [ea]
1100 1248 1134 1310 te
1158 1249 1197 1310 et
1286 1207 1287 1226 i

234 1337 351 1401 litteris
373 1338 548 1401 multorum
566 1339 600 1400 et
616 1335 739 1400 nuntiis
758 1355 914 1421 cognosse
933 1335 1085 1417 arbitron
1108 1355 1195 1417 quae

235 1428 343 1490 autem
365 1425 472 1509 posita
499 1427 576 1488 sunt
601 1423 636 1487 in
659 1423 843 1488 coniectura
869 1443 1012 1508 quaeque
1040 1421 1197 1486 videntur

234 1512 318 1596 fore,
345 1534 384 1577 ea
410 1515 489 1597 puto
517 1512 578 1578 tibi
605 1533 625 1575 a
651 1532 702 1576 me
730 1511 826 1577 scribi
854 1515 1009 1596 oportere.
1059 1509 1193 1574 Postea·

236 1622 332 1686 quam
354 1599 527 1685 Pompeius
549 1603 583 1664 et
604 1599 689 1682 apud
716 1601 872 1683 populum
895 1621 923 1664 a.
946 1599 975 1663 d.
999 1597 1089 1664 VIII.
1112 1597 1194 1664 Idus
1287 1593 1288 1670 Ϊ

235 1687 435 1772 Februarias,
458 1710 557 1772 quum
579 1709 638 1771 pro
657 1686 778 1752 Milone
802 1688 929 1771 diceret,
952 1688 1090 1752 clamore
1114 1705 1192 1750 con·

235 1777 381 1860 uicioque
403 1777 542 1841 iactatus
566 1776 669 1840 estin
692 1778 869 1860 senatuque
889 1797 908 1840 a
931 1772 1054 1840 Catone
1076 1794 1192 1858 aspere

236 1868 269 1930 et
300 1864 413 1930 acerbe
444 1864 580 1928 nimium
611 1883 730 1948 magno
768 1864 895 1932 silentio
932 1866 982 1928 est
1013 1865 1193 1946 accusatus,

236 1953 323 2017 visus
346 1955 396 2018 est
417 1953 498 2017 mihi
520 1952 726 2017 vehementer
748 1973 816 2016 esse
839 1951 1058 2036 perturbatus,
1080 1950 1192 2033 itaque

235 2039 456 2106 Alexandrina
483 2061 593 2123 causa,
624 2061 705 2124 quae
732 2040 827 2106 nobis
855 2040 959 2105 adhuc
986 2039 1114 2124 integra
1141 2042 1192 2103 est

237 2165 279 2176 —-
302 2129 385 2194 nihil
412 2129 498 2194 enim
524 2128 585 2193 tibi
612 2127 751 2192 detraxit
777 2132 909 2194 senatus
935 2127 999 2191 nisi
1025 2127 1072 2210 id,
1104 2127 1191 2210 quod

235 2239 294 2302 per
320 2217 455 2284 eandem
481 2218 671 2302 religionem
697 2216 767 2280 dari
794 2217 887 2280 alteri
913 2237 980 2280 non
1007 2218 1115 2298 potest
1137 2250 1192 2298 -,

201 2306 362 2370 evidetur
384 2306 425 2369 ab
447 2305 505 2369 illo
527 2305 623 2387 plane
650 2325 720 2368 esse
748 2303 902 2387 deposita.
945 2301 1042 2368 Nunc
1064 2303 1097 2366 id
1119 2323 1191 2386 spe-

236 2414 346 2457 ramus
367 2393 463 2475 idque
485 2392 644 2474 molimur,
666 2395 704 2455 ut
722 2411 787 2474 rex,
816 2413 915 2475 quum
933 2391 1094 2476 intelligat
1112 2411 1194 2474 sese,

238 2480 323 2564 quod
350 2478 528 2564 cogitabat,
559 2482 596 2544 ut
622 2501 642 2542 a
668 2477 822 2563 Pompeio
849 2479 1032 2563 reducatur,
1063 2478 1192 2560 assequi

236 2590 305 2633 non
326 2589 421 2653 posse
444 2569 486 2652 et,
508 2567 572 2632 nisi
588 2588 646 2651 per
663 2569 696 2630 te
715 2567 758 2632 sit
779 2567 955 2650 restitutus,
977 2567 1138 2632 desertum
1156 2587 1192 2630 se

237 2660 333 2740 atque
357 2656 517 2720 abiectum
539 2655 618 2737 fore,
639 2654 861 2738 proficiscatur
880 2656 920 2720 ad
942 2659 987 2719 te:
1012 2655 1098 2739 quod
1121 2654 1192 2718 sine

237 2745 304 2808 ulla
326 2743 536 2828 dubitatione,
559 2743 587 2807 si
606 2742 778 2827 Pompeius
801 2745 945 2827 paullum
965 2743 1061 2808 modo
1085 2745 1191 2807 osten·

238 2831 321 2897 derit
343 2832 404 2896 sibi
426 2832 561 2916 placere,
583 2831 689 2914 faciet,
711 2832 767 2896 sed
789 2832 877 2896 nosti
894 2831 1035 2895 hominis
1057 2830 1192 2894 tardita-

191 2949 194 2954 ·
237 2923 303 2984 tem
317 2924 350 2984 et
363 2919 630 3001 taciturnitatem
653 2940 713 2984 nos
727 2923 836 2984 tamen
854 2918 946 3002 nihil,
963 2919 1049 3002 quod
1065 2919 1193 2982 adeam

237 3029 306 3073 rem
319 3007 488 3092 pertineat,
500 3007 794 3091 praetermittimus.
826 3005 947 3071 Ceteris
961 3007 1096 3091 iniuriis,
1110 3027 1193 3090 quae

237 3097 421 3181 propositae
444 3098 521 3160 sunt
542 3117 563 3159 a
585 3093 722 3178 Catone,
743 3095 851 3179 facile,
877 3097 916 3158 ut
937 3115 1044 3179 spero,
1065 3095 1192 3158 resiste·

237 3207 318 3250 mus.
362 3182 511 3248 Amicum
538 3205 577 3249 ex
603 3182 825 3248 consularibus
852 3183 1013 3247 neminem
1040 3183 1100 3247 tibi
1122 3203 1192 3246 esse

237 3273 330 3338 video
352 3275 481 3355 praeter
503 3271 713 3337 Hortensium
736 3275 769 3335 et
790 3269 973 3353 Lucullum3
997 3271 1094 3334 ceteri
1116 3273 1194 3334 sunt

308 3480 360 3550 Ep.
380 3486 403 3534 5.
418 3481 445 3536 b.
466 3487 489 3534 1.
525 3479 590 3544 siat,
610 3479 661 3548 [eo]
680 3483 705 3534 te
724 3479 799 3549 (W.).
836 3495 866 3546 a,
885 3495 917 3534 ec
935 3483 960 3534 te
977 3479 1041 3533 ΜΒ.
1070 3483 1194 3548 equatur

299 3556 373 3617 sant,
391 3566 423 3606 ec
441 3549 526 3613 (er
544 3579 580 3590 -
598 3565 753 3618 copaoscerc
772 3549 845 3618 (edd.
864 3551 962 3618 vett.)?
