<?xml version="1.0" encoding="UTF-8"?>
<!DOCTYPE html PUBLIC "-//W3C//DTD XHTML 1.0 Transitional//EN"
    "http://www.w3.org/TR/xhtml1/DTD/xhtml1-transitional.dtd">
<html xmlns="http://www.w3.org/1999/xhtml" xml:lang="en" lang="en">
 <head>
  <title>
</title>
<meta http-equiv="Content-Type" content="text/html;charset=utf-8" />
  <meta name='ocr-system' content='tesseract 3.04.00' />
  <meta name='ocr-capabilities' content='ocr_page ocr_carea ocr_par ocr_line ocrx_word'/>
</head>
<body>
  <div class='ocr_page' id='page_1' title='image "./epistolae00wesegoog_0119.png"; bbox 0 0 2610 3980; ppageno 0'>
   <div class='ocr_carea' id='block_1_1' title="bbox 368 261 1054 327">
    <p class='ocr_par' dir='ltr' id='par_1_1' title="bbox 368 261 1054 327">
     <span class='ocr_line' id='line_1_1' title="bbox 368 261 1054 327; baseline 0.013 -9"><span class='ocrx_word' id='word_1_1' title='bbox 368 261 626 319; x_wconf 79' lang='lat' dir='ltr'>EPISTOLARUM</span> <span class='ocrx_word' id='word_1_2' title='bbox 645 263 691 318; x_wconf 90' lang='lat' dir='ltr'>IV.</span> <span class='ocrx_word' id='word_1_3' title='bbox 711 269 789 320; x_wconf 72' lang='lat' dir='ltr'>‘l-t.</span> <span class='ocrx_word' id='word_1_4' title='bbox 992 262 1054 327; x_wconf 84' lang='grc'>107</span> 
     </span>
    </p>
   </div>
   <div class='ocr_carea' id='block_1_2' title="bbox 109 407 1057 1736">
    <p class='ocr_par' dir='ltr' id='par_1_2' title="bbox 109 407 1057 1736">
     <span class='ocr_line' id='line_1_2' title="bbox 119 407 1056 494; baseline 0.003 -23"><span class='ocrx_word' id='word_1_5' title='bbox 119 428 175 471; x_wconf 91' lang='lat' dir='ltr'>non</span> <span class='ocrx_word' id='word_1_6' title='bbox 186 408 334 493; x_wconf 83' lang='lat' dir='ltr'>potuisse,</span> <span class='ocrx_word' id='word_1_7' title='bbox 352 407 398 493; x_wconf 85' lang='lat' dir='ltr'>ut,</span> <span class='ocrx_word' id='word_1_8' title='bbox 416 408 502 494; x_wconf 92' lang='lat' dir='ltr'>quod</span> <span class='ocrx_word' id='word_1_9' title='bbox 520 427 582 494; x_wconf 79' lang='lat' dir='ltr'>ego</span> <span class='ocrx_word' id='word_1_10' title='bbox 595 407 689 491; x_wconf 85' lang='lat' dir='ltr'>facio,</span> <span class='ocrx_word' id='word_1_11' title='bbox 711 410 748 473; x_wconf 89' lang='lat' dir='ltr'>tu</span> <span class='ocrx_word' id='word_1_12' title='bbox 768 428 894 492; x_wconf 89' lang='lat' dir='ltr'>quoque</span> <span class='ocrx_word' id='word_1_13' title='bbox 913 407 1056 474; x_wconf 85' lang='lat' dir='ltr'>animum</span> 
     </span>
     <span class='ocr_line' id='line_1_3' title="bbox 118 495 1055 582; baseline 0.003 -23"><span class='ocrx_word' id='word_1_14' title='bbox 118 495 247 582; x_wconf 76' lang='lat' dir='ltr'><strong>inducas,</strong></span> <span class='ocrx_word' id='word_1_15' title='bbox 279 497 306 562; x_wconf 93' lang='lat' dir='ltr'>si</span> <span class='ocrx_word' id='word_1_16' title='bbox 337 497 381 562; x_wconf 87' lang='lat' dir='ltr'>sit</span> <span class='ocrx_word' id='word_1_17' title='bbox 412 497 520 581; x_wconf 90' lang='lat' dir='ltr'>aliqua</span> <span class='ocrx_word' id='word_1_18' title='bbox 550 495 769 581; x_wconf 89' lang='lat' dir='ltr'>respublica,</span> <span class='ocrx_word' id='word_1_19' title='bbox 800 496 835 560; x_wconf 88' lang='lat' dir='ltr'>in</span> <span class='ocrx_word' id='word_1_20' title='bbox 861 517 901 561; x_wconf 86' lang='lat' dir='ltr'>ea</span> <span class='ocrx_word' id='word_1_21' title='bbox 925 500 959 562; x_wconf 87' lang='lat' dir='ltr'>te</span> <span class='ocrx_word' id='word_1_22' title='bbox 986 516 1055 562; x_wconf 86' lang='lat' dir='ltr'>esse</span> 
     </span>
     <span class='ocr_line' id='line_1_4' title="bbox 118 584 1057 671; baseline 0.003 -24"><span class='ocrx_word' id='word_1_23' title='bbox 118 588 262 670; x_wconf 74' lang='lat' dir='ltr'>oportere,</span> <span class='ocrx_word' id='word_1_24' title='bbox 282 584 402 652; x_wconf 87' lang='lat' dir='ltr'>iudicio</span> <span class='ocrx_word' id='word_1_25' title='bbox 424 585 593 651; x_wconf 90' lang='lat' dir='ltr'>hominum</span> <span class='ocrx_word' id='word_1_26' title='bbox 615 607 712 670; x_wconf 88' lang='lat' dir='ltr'>reque</span> <span class='ocrx_word' id='word_1_27' title='bbox 735 584 926 671; x_wconf 87' lang='lat' dir='ltr'>principem,</span> <span class='ocrx_word' id='word_1_28' title='bbox 949 606 1057 650; x_wconf 78' lang='lat' dir='ltr'>neees-</span> 
     </span>
     <span class='ocr_line' id='line_1_5' title="bbox 117 674 1057 760; baseline 0.005 -25"><span class='ocrx_word' id='word_1_29' title='bbox 117 674 197 738; x_wconf 82' lang='lat' dir='ltr'>sitate</span> <span class='ocrx_word' id='word_1_30' title='bbox 220 675 387 740; x_wconf 88' lang='lat' dir='ltr'>cedentem</span> <span class='ocrx_word' id='word_1_31' title='bbox 409 674 556 760; x_wconf 79' lang='lat' dir='ltr'><strong>tempori,</strong></span> <span class='ocrx_word' id='word_1_32' title='bbox 580 675 631 740; x_wconf 88' lang='lat' dir='ltr'>sin</span> <span class='ocrx_word' id='word_1_33' title='bbox 653 677 761 740; x_wconf 87' lang='lat' dir='ltr'>autem</span> <span class='ocrx_word' id='word_1_34' title='bbox 783 674 874 740; x_wconf 91' lang='lat' dir='ltr'>nulla</span> <span class='ocrx_word' id='word_1_35' title='bbox 897 674 948 758; x_wconf 88' lang='lat' dir='ltr'>sit,</span> <span class='ocrx_word' id='word_1_36' title='bbox 969 674 1057 740; x_wconf 90' lang='lat' dir='ltr'>hune</span> 
     </span>
     <span class='ocr_line' id='line_1_6' title="bbox 115 763 1057 849; baseline 0.004 -25"><span class='ocrx_word' id='word_1_37' title='bbox 115 765 209 827; x_wconf 86' lang='lat' dir='ltr'>tamen</span> <span class='ocrx_word' id='word_1_38' title='bbox 240 763 444 849; x_wconf 83' lang='lat' dir='ltr'>aptissimum</span> <span class='ocrx_word' id='word_1_39' title='bbox 476 785 544 829; x_wconf 88' lang='lat' dir='ltr'>esse</span> <span class='ocrx_word' id='word_1_40' title='bbox 576 763 675 829; x_wconf 87' lang='lat' dir='ltr'>etiam</span> <span class='ocrx_word' id='word_1_41' title='bbox 706 763 747 828; x_wconf 82' lang='lat' dir='ltr'>ed</span> <span class='ocrx_word' id='word_1_42' title='bbox 774 763 984 830; x_wconf 86' lang='lat' dir='ltr'>exsulandum</span> <span class='ocrx_word' id='word_1_43' title='bbox 1011 764 1057 828; x_wconf 91' lang='lat' dir='ltr'>lo·</span> 
     </span>
     <span class='ocr_line' id='line_1_7' title="bbox 114 851 1057 938; baseline 0.003 -25"><span class='ocrx_word' id='word_1_44' title='bbox 114 870 187 935; x_wconf 80' lang='lat' dir='ltr'>oum3</span> <span class='ocrx_word' id='word_1_45' title='bbox 213 851 241 916; x_wconf 90' lang='lat' dir='ltr'>si</span> <span class='ocrx_word' id='word_1_46' title='bbox 269 852 357 918; x_wconf 89' lang='lat' dir='ltr'>enim</span> <span class='ocrx_word' id='word_1_47' title='bbox 384 852 566 918; x_wconf 82' lang='lat' dir='ltr'>libertatem</span> <span class='ocrx_word' id='word_1_48' title='bbox 593 853 769 938; x_wconf 84' lang='lat' dir='ltr'>sequimur,</span> <span class='ocrx_word' id='word_1_49' title='bbox 796 853 852 937; x_wconf 92' lang='lat' dir='ltr'>qui</span> <span class='ocrx_word' id='word_1_50' title='bbox 877 853 968 918; x_wconf 87' lang='lat' dir='ltr'>locus</span> <span class='ocrx_word' id='word_1_51' title='bbox 994 852 1057 917; x_wconf 90' lang='lat' dir='ltr'>hoc</span> 
     </span>
     <span class='ocr_line' id='line_1_8' title="bbox 114 937 1056 1026; baseline 0.007 -26"><span class='ocrx_word' id='word_1_52' title='bbox 114 937 266 1005; x_wconf 86' lang='lat' dir='ltr'>dominatu</span> <span class='ocrx_word' id='word_1_53' title='bbox 298 941 416 1006; x_wconf 84' lang='lat' dir='ltr'>vacat?</span> <span class='ocrx_word' id='word_1_54' title='bbox 448 943 497 1007; x_wconf 87' lang='lat' dir='ltr'>sin</span> <span class='ocrx_word' id='word_1_55' title='bbox 530 941 794 1026; x_wconf 74' lang='lat' dir='ltr'>qualemcumque</span> <span class='ocrx_word' id='word_1_56' title='bbox 824 941 947 1026; x_wconf 90' lang='lat' dir='ltr'>locum,</span> <span class='ocrx_word' id='word_1_57' title='bbox 975 963 1056 1026; x_wconf 87' lang='lat' dir='ltr'>quae</span> 
     </span>
     <span class='ocr_line' id='line_1_9' title="bbox 112 1028 1057 1115; baseline 0.007 -26"><span class='ocrx_word' id='word_1_58' title='bbox 112 1030 153 1091; x_wconf 87' lang='lat' dir='ltr'>est</span> <span class='ocrx_word' id='word_1_59' title='bbox 180 1028 358 1095; x_wconf 85' lang='lat' dir='ltr'>domestica</span> <span class='ocrx_word' id='word_1_60' title='bbox 394 1029 468 1096; x_wconf 87' lang='lat' dir='ltr'>sede</span> <span class='ocrx_word' id='word_1_61' title='bbox 504 1029 696 1096; x_wconf 80' lang='lat' dir='ltr'>iucundior?</span> <span class='ocrx_word' id='word_1_62' title='bbox 750 1028 813 1096; x_wconf 84' lang='lat' dir='ltr'>Sed</span> <span class='ocrx_word' id='word_1_63' title='bbox 844 1029 924 1096; x_wconf 90' lang='lat' dir='ltr'>mihi</span> <span class='ocrx_word' id='word_1_64' title='bbox 955 1031 1057 1115; x_wconf 85' lang='lat' dir='ltr'>crede,</span> 
     </span>
     <span class='ocr_line' id='line_1_10' title="bbox 112 1115 1057 1204; baseline 0.006 -26"><span class='ocrx_word' id='word_1_65' title='bbox 112 1115 196 1181; x_wconf 86' lang='lat' dir='ltr'>etiam</span> <span class='ocrx_word' id='word_1_66' title='bbox 217 1119 261 1203; x_wconf 90' lang='lat' dir='ltr'>is,</span> <span class='ocrx_word' id='word_1_67' title='bbox 284 1119 341 1203; x_wconf 91' lang='lat' dir='ltr'>qui</span> <span class='ocrx_word' id='word_1_68' title='bbox 364 1118 473 1184; x_wconf 89' lang='lat' dir='ltr'>omnia</span> <span class='ocrx_word' id='word_1_69' title='bbox 494 1121 598 1199; x_wconf 83' lang='lat' dir='ltr'>tenet,</span> <span class='ocrx_word' id='word_1_70' title='bbox 620 1118 710 1184; x_wconf 81' lang='lat' dir='ltr'>favet</span> <span class='ocrx_word' id='word_1_71' title='bbox 731 1117 1057 1204; x_wconf 70' lang='lat' dir='ltr'>ingeniis,.nobilita-</span> 
     </span>
     <span class='ocr_line' id='line_1_11' title="bbox 111 1206 1057 1294; baseline 0.007 -27"><span class='ocrx_word' id='word_1_72' title='bbox 111 1206 268 1272; x_wconf 78' lang='lat' dir='ltr'>temnere</span> <span class='ocrx_word' id='word_1_73' title='bbox 297 1211 331 1272; x_wconf 86' lang='lat' dir='ltr'>et</span> <span class='ocrx_word' id='word_1_74' title='bbox 358 1207 532 1294; x_wconf 71' lang='lat' dir='ltr'>dignitates</span> <span class='ocrx_word' id='word_1_75' title='bbox 559 1207 741 1293; x_wconf 91' lang='lat' dir='ltr'>hominum,</span> <span class='ocrx_word' id='word_1_76' title='bbox 769 1210 926 1292; x_wconf 89' lang='lat' dir='ltr'>quantum</span> <span class='ocrx_word' id='word_1_77' title='bbox 954 1207 984 1272; x_wconf 91' lang='lat' dir='ltr'>ei</span> <span class='ocrx_word' id='word_1_78' title='bbox 1006 1228 1057 1274; x_wconf 88' lang='lat' dir='ltr'>res</span> 
     </span>
     <span class='ocr_line' id='line_1_12' title="bbox 111 1294 1057 1382; baseline 0.007 -27"><span class='ocrx_word' id='word_1_79' title='bbox 111 1295 138 1356; x_wconf 88' lang='lat' dir='ltr'>et</span> <span class='ocrx_word' id='word_1_80' title='bbox 160 1295 260 1379; x_wconf 88' lang='lat' dir='ltr'>ipsius</span> <span class='ocrx_word' id='word_1_81' title='bbox 288 1316 387 1361; x_wconf 87' lang='lat' dir='ltr'>causa</span> <span class='ocrx_word' id='word_1_82' title='bbox 413 1296 573 1382; x_wconf 88' lang='lat' dir='ltr'>concedit,</span> <span class='ocrx_word' id='word_1_83' title='bbox 605 1297 818 1382; x_wconf 81' lang='lat' dir='ltr'>amplectitur.</span> <span class='ocrx_word' id='word_1_84' title='bbox 864 1294 926 1362; x_wconf 85' lang='lat' dir='ltr'>Sed</span> <span class='ocrx_word' id='word_1_85' title='bbox 954 1297 1057 1381; x_wconf 88' lang='lat' dir='ltr'>plura,</span> 
     </span>
     <span class='ocr_line' id='line_1_13' title="bbox 111 1383 1056 1472; baseline 0.005 -26"><span class='ocrx_word' id='word_1_86' title='bbox 111 1402 195 1464; x_wconf 85' lang='lat' dir='ltr'>quam</span> <span class='ocrx_word' id='word_1_87' title='bbox 227 1387 418 1470; x_wconf 80' lang='lat' dir='ltr'>statueram3</span> <span class='ocrx_word' id='word_1_88' title='bbox 449 1384 545 1451; x_wconf 88' lang='lat' dir='ltr'>redeo</span> <span class='ocrx_word' id='word_1_89' title='bbox 575 1405 653 1472; x_wconf 80' lang='lat' dir='ltr'>ergo</span> <span class='ocrx_word' id='word_1_90' title='bbox 685 1385 726 1450; x_wconf 89' lang='lat' dir='ltr'>ad</span> <span class='ocrx_word' id='word_1_91' title='bbox 753 1407 854 1452; x_wconf 89' lang='lat' dir='ltr'>unum</span> <span class='ocrx_word' id='word_1_92' title='bbox 880 1383 974 1470; x_wconf 91' lang='lat' dir='ltr'>illud,</span> <span class='ocrx_word' id='word_1_93' title='bbox 1005 1407 1056 1451; x_wconf 86' lang='lat' dir='ltr'>me</span> 
     </span>
     <span class='ocr_line' id='line_1_14' title="bbox 109 1473 1057 1559; baseline 0.004 -25"><span class='ocrx_word' id='word_1_94' title='bbox 109 1473 190 1536; x_wconf 88' lang='lat' dir='ltr'>tuum</span> <span class='ocrx_word' id='word_1_95' title='bbox 217 1495 302 1538; x_wconf 87' lang='lat' dir='ltr'>esse:</span> <span class='ocrx_word' id='word_1_96' title='bbox 333 1473 403 1540; x_wconf 88' lang='lat' dir='ltr'>fore</span> <span class='ocrx_word' id='word_1_97' title='bbox 431 1494 504 1539; x_wconf 92' lang='lat' dir='ltr'>cum</span> <span class='ocrx_word' id='word_1_98' title='bbox 530 1474 609 1559; x_wconf 91' lang='lat' dir='ltr'>tuis,</span> <span class='ocrx_word' id='word_1_99' title='bbox 637 1474 787 1540; x_wconf 89' lang='lat' dir='ltr'>simodo</span> <span class='ocrx_word' id='word_1_100' title='bbox 815 1477 910 1540; x_wconf 86' lang='lat' dir='ltr'>erunt</span> <span class='ocrx_word' id='word_1_101' title='bbox 935 1474 997 1559; x_wconf 90' lang='lat' dir='ltr'>tui,</span> <span class='ocrx_word' id='word_1_102' title='bbox 1028 1474 1057 1540; x_wconf 87' lang='lat' dir='ltr'>si</span> 
     </span>
     <span class='ocr_line' id='line_1_15' title="bbox 110 1559 1056 1646; baseline 0.005 -23"><span class='ocrx_word' id='word_1_103' title='bbox 110 1559 218 1646; x_wconf 88' lang='lat' dir='ltr'>minus,</span> <span class='ocrx_word' id='word_1_104' title='bbox 250 1583 303 1628; x_wconf 89' lang='lat' dir='ltr'>me</span> <span class='ocrx_word' id='word_1_105' title='bbox 330 1565 414 1628; x_wconf 87' lang='lat' dir='ltr'>certe</span> <span class='ocrx_word' id='word_1_106' title='bbox 441 1563 476 1628; x_wconf 91' lang='lat' dir='ltr'>in</span> <span class='ocrx_word' id='word_1_107' title='bbox 508 1563 658 1629; x_wconf 91' lang='lat' dir='ltr'>omnibus</span> <span class='ocrx_word' id='word_1_108' title='bbox 689 1564 786 1629; x_wconf 89' lang='lat' dir='ltr'>rebus</span> <span class='ocrx_word' id='word_1_109' title='bbox 817 1565 897 1629; x_wconf 90' lang='lat' dir='ltr'>satis</span> <span class='ocrx_word' id='word_1_110' title='bbox 925 1567 1056 1630; x_wconf 86' lang='lat' dir='ltr'>nostrae</span> 
     </span>
     <span class='ocr_line' id='line_1_16' title="bbox 111 1650 838 1736; baseline 0.01 -26"><span class='ocrx_word' id='word_1_111' title='bbox 111 1650 321 1717; x_wconf 87' lang='lat' dir='ltr'>coniunctioni</span> <span class='ocrx_word' id='word_1_112' title='bbox 345 1652 509 1736; x_wconf 88' lang='lat' dir='ltr'>amorique</span> <span class='ocrx_word' id='word_1_113' title='bbox 530 1652 702 1718; x_wconf 88' lang='lat' dir='ltr'>facturum.</span> <span class='ocrx_word' id='word_1_114' title='bbox 746 1651 838 1718; x_wconf 90' lang='lat' dir='ltr'>Vale.</span> 
     </span>
    </p>
   </div>
   <div class='ocr_carea' id='block_1_3' title="bbox 546 1861 722 1930">
    <p class='ocr_par' dir='ltr' id='par_1_3' title="bbox 546 1861 722 1930">
     <span class='ocr_line' id='line_1_17' title="bbox 546 1861 722 1930; baseline 0.006 -11"><span class='ocrx_word' id='word_1_115' title='bbox 546 1861 594 1930; x_wconf 88' lang='lat' dir='ltr'>IX</span> <span class='ocrx_word' id='word_1_116' title='bbox 718 1915 722 1920; x_wconf 86' lang='lat'>.</span> 
     </span>
    </p>
   </div>
   <div class='ocr_carea' id='block_1_4' title="bbox 210 1971 941 2183">
    <p class='ocr_par' dir='ltr' id='par_1_4' title="bbox 210 1971 941 2183">
     <span class='ocr_line' id='line_1_18' title="bbox 210 1971 941 2056; baseline 0.001 -16"><span class='ocrx_word' id='word_1_117' title='bbox 210 1971 396 2040; x_wconf 56' lang='lat' dir='ltr'>ScrsRcmae</span> <span class='ocrx_word' id='word_1_118' title='bbox 415 1986 491 2056; x_wconf 82' lang='lat' dir='ltr'>(post</span> <span class='ocrx_word' id='word_1_119' title='bbox 508 1983 568 2042; x_wconf 87' lang='lat' dir='ltr'>v11.</span> <span class='ocrx_word' id='word_1_120' title='bbox 588 1984 621 2040; x_wconf 76' lang='lat' dir='ltr'>K</span> <span class='ocrx_word' id='word_1_121' title='bbox 641 1984 728 2055; x_wconf 77' lang='lat' dir='ltr'>Sext)</span> <span class='ocrx_word' id='word_1_122' title='bbox 747 2002 772 2042; x_wconf 84' lang='lat' dir='ltr'>a.</span> <span class='ocrx_word' id='word_1_123' title='bbox 790 2002 818 2041; x_wconf 83' lang='lat' dir='ltr'>a.</span> <span class='ocrx_word' id='word_1_124' title='bbox 837 2001 861 2042; x_wconf 80' lang='lat' dir='ltr'>a</span> <span class='ocrx_word' id='word_1_125' title='bbox 881 1991 941 2044; x_wconf 73' lang='lat'>⁷08.</span> 
     </span>
     <span class='ocr_line' id='line_1_19' title="bbox 295 2124 861 2183; baseline -0.004 -1"><span class='ocrx_word' id='word_1_126' title='bbox 295 2127 332 2182; x_wconf 83' lang='grc' dir='ltr'>Μ.</span> <span class='ocrx_word' id='word_1_127' title='bbox 352 2125 481 2183; x_wconf 81' lang='lat' dir='ltr'>CICERO</span> <span class='ocrx_word' id='word_1_128' title='bbox 502 2126 529 2183; x_wconf 80' lang='lat' dir='ltr'>S.</span> <span class='ocrx_word' id='word_1_129' title='bbox 548 2126 581 2181; x_wconf 84' lang='lat' dir='ltr'>l).</span> <span class='ocrx_word' id='word_1_130' title='bbox 600 2125 637 2182; x_wconf 79' lang='lat' dir='ltr'>M.</span> <span class='ocrx_word' id='word_1_131' title='bbox 656 2124 861 2183; x_wconf 78' lang='lat' dir='ltr'><strong>MARCELLO.</strong></span> 
     </span>
    </p>
   </div>
   <div class='ocr_carea' id='block_1_5' title="bbox 106 2234 1090 3387">
    <p class='ocr_par' dir='ltr' id='par_1_5' title="bbox 106 2234 1090 3387">
     <span class='ocr_line' id='line_1_20' title="bbox 164 2234 1090 2322; baseline 0 -21"><span class='ocrx_word' id='word_1_132' title='bbox 164 2235 238 2301; x_wconf 79' lang='lat' dir='ltr'>Etsi</span> <span class='ocrx_word' id='word_1_133' title='bbox 265 2237 436 2322; x_wconf 80' lang='lat' dir='ltr'>perpaucis</span> <span class='ocrx_word' id='word_1_134' title='bbox 463 2240 539 2303; x_wconf 88' lang='lat' dir='ltr'>ante</span> <span class='ocrx_word' id='word_1_135' title='bbox 566 2236 678 2302; x_wconf 86' lang='lat' dir='ltr'>diebus</span> <span class='ocrx_word' id='word_1_136' title='bbox 708 2236 859 2302; x_wconf 77' lang='lat' dir='ltr'>dederam</span> <span class='ocrx_word' id='word_1_137' title='bbox 886 2234 922 2313; x_wconf 84' lang='lat' dir='ltr'>Q.</span> <span class='ocrx_word' id='word_1_138' title='bbox 948 2235 1090 2303; x_wconf 88' lang='lat' dir='ltr'>Muci01</span> 
     </span>
     <span class='ocr_line' id='line_1_21' title="bbox 108 2322 1055 2411; baseline 0.002 -23"><span class='ocrx_word' id='word_1_139' title='bbox 108 2322 222 2390; x_wconf 83' lang='lat' dir='ltr'>litteras</span> <span class='ocrx_word' id='word_1_140' title='bbox 251 2325 294 2390; x_wconf 88' lang='lat' dir='ltr'>ad</span> <span class='ocrx_word' id='word_1_141' title='bbox 320 2328 354 2390; x_wconf 84' lang='lat' dir='ltr'>te</span> <span class='ocrx_word' id='word_1_142' title='bbox 380 2326 526 2410; x_wconf 86' lang='lat' dir='ltr'>pluribus</span> <span class='ocrx_word' id='word_1_143' title='bbox 553 2325 660 2392; x_wconf 88' lang='lat' dir='ltr'>verbis</span> <span class='ocrx_word' id='word_1_144' title='bbox 683 2326 833 2411; x_wconf 85' lang='lat' dir='ltr'>scriptas,</span> <span class='ocrx_word' id='word_1_145' title='bbox 859 2325 975 2410; x_wconf 84' lang='lat' dir='ltr'>quibus</span> <span class='ocrx_word' id='word_1_146' title='bbox 1003 2325 1055 2390; x_wconf 90' lang='lat' dir='ltr'>de-</span> 
     </span>
     <span class='ocr_line' id='line_1_22' title="bbox 108 2413 1057 2501; baseline 0.006 -26"><span class='ocrx_word' id='word_1_147' title='bbox 108 2413 311 2497; x_wconf 84' lang='lat' dir='ltr'>claraveram,</span> <span class='ocrx_word' id='word_1_148' title='bbox 338 2436 402 2498; x_wconf 91' lang='lat' dir='ltr'>quo</span> <span class='ocrx_word' id='word_1_149' title='bbox 429 2418 462 2482; x_wconf 86' lang='lat' dir='ltr'>te</span> <span class='ocrx_word' id='word_1_150' title='bbox 489 2414 598 2481; x_wconf 87' lang='lat' dir='ltr'>animo</span> <span class='ocrx_word' id='word_1_151' title='bbox 621 2436 785 2480; x_wconf 85' lang='lat' dir='ltr'>censerem</span> <span class='ocrx_word' id='word_1_152' title='bbox 812 2435 881 2480; x_wconf 90' lang='lat' dir='ltr'>esse</span> <span class='ocrx_word' id='word_1_153' title='bbox 908 2418 1057 2501; x_wconf 87' lang='lat' dir='ltr'>oportere</span> 
     </span>
     <span class='ocr_line' id='line_1_23' title="bbox 108 2502 1057 2589; baseline 0.008 -26"><span class='ocrx_word' id='word_1_154' title='bbox 108 2504 136 2563; x_wconf 88' lang='lat' dir='ltr'>et</span> <span class='ocrx_word' id='word_1_155' title='bbox 163 2503 242 2587; x_wconf 90' lang='lat' dir='ltr'>quid</span> <span class='ocrx_word' id='word_1_156' title='bbox 273 2502 335 2569; x_wconf 91' lang='lat' dir='ltr'>tibi</span> <span class='ocrx_word' id='word_1_157' title='bbox 366 2503 549 2570; x_wconf 87' lang='lat' dir='ltr'>faciendum</span> <span class='ocrx_word' id='word_1_158' title='bbox 581 2502 767 2588; x_wconf 86' lang='lat' dir='ltr'>arbitrarer,</span> <span class='ocrx_word' id='word_1_159' title='bbox 802 2507 926 2589; x_wconf 68' lang='lat' dir='ltr'>tamem</span> <span class='ocrx_word' id='word_1_160' title='bbox 958 2526 1057 2589; x_wconf 89' lang='lat' dir='ltr'>quum</span> 
     </span>
     <span class='ocr_line' id='line_1_24' title="bbox 108 2587 1057 2680; baseline 0.005 -26"><span class='ocrx_word' id='word_1_161' title='bbox 108 2587 312 2676; x_wconf 81' lang='lat' dir='ltr'>Theophilus,</span> <span class='ocrx_word' id='word_1_162' title='bbox 333 2592 468 2658; x_wconf 85' lang='lat' dir='ltr'>libertus</span> <span class='ocrx_word' id='word_1_163' title='bbox 490 2596 575 2677; x_wconf 88' lang='lat' dir='ltr'>tuus,</span> <span class='ocrx_word' id='word_1_164' title='bbox 596 2592 860 2677; x_wconf 86' lang='lat' dir='ltr'>proficisceretur,</span> <span class='ocrx_word' id='word_1_165' title='bbox 882 2592 973 2659; x_wconf 90' lang='lat' dir='ltr'>euius</span> <span class='ocrx_word' id='word_1_166' title='bbox 996 2614 1057 2680; x_wconf 83' lang='lat' dir='ltr'>ego</span> 
     </span>
     <span class='ocr_line' id='line_1_25' title="bbox 107 2677 1057 2767; baseline 0.004 -25"><span class='ocrx_word' id='word_1_167' title='bbox 107 2677 194 2745; x_wconf 88' lang='lat' dir='ltr'>fidem</span> <span class='ocrx_word' id='word_1_168' title='bbox 218 2701 300 2766; x_wconf 81' lang='lat' dir='ltr'>erga</span> <span class='ocrx_word' id='word_1_169' title='bbox 325 2683 358 2746; x_wconf 84' lang='lat' dir='ltr'>te</span> <span class='ocrx_word' id='word_1_170' title='bbox 380 2681 701 2766; x_wconf 84' lang='lat' dir='ltr'>benevolentiamque</span> <span class='ocrx_word' id='word_1_171' title='bbox 722 2702 962 2767; x_wconf 83' lang='lat' dir='ltr'>perspexeram,</span> <span class='ocrx_word' id='word_1_172' title='bbox 988 2682 1057 2748; x_wconf 89' lang='lat' dir='ltr'>sine</span> 
     </span>
     <span class='ocr_line' id='line_1_26' title="bbox 107 2769 1059 2857; baseline 0.004 -26"><span class='ocrx_word' id='word_1_173' title='bbox 107 2769 178 2833; x_wconf 88' lang='lat' dir='ltr'>meis</span> <span class='ocrx_word' id='word_1_174' title='bbox 200 2769 321 2834; x_wconf 86' lang='lat' dir='ltr'>litteris</span> <span class='ocrx_word' id='word_1_175' title='bbox 344 2791 418 2835; x_wconf 88' lang='lat' dir='ltr'>eum</span> <span class='ocrx_word' id='word_1_176' title='bbox 441 2769 482 2835; x_wconf 90' lang='lat' dir='ltr'>ad</span> <span class='ocrx_word' id='word_1_177' title='bbox 504 2773 537 2835; x_wconf 88' lang='lat' dir='ltr'>te</span> <span class='ocrx_word' id='word_1_178' title='bbox 559 2769 669 2836; x_wconf 86' lang='lat' dir='ltr'>venire</span> <span class='ocrx_word' id='word_1_179' title='bbox 687 2770 797 2836; x_wconf 90' lang='lat' dir='ltr'>nolui..</span> <span class='ocrx_word' id='word_1_180' title='bbox 822 2769 941 2837; x_wconf 86' lang='lat' dir='ltr'>Iisdem</span> <span class='ocrx_word' id='word_1_181' title='bbox 958 2771 1059 2857; x_wconf 79' lang='lat' dir='ltr'>igitur</span> 
     </span>
     <span class='ocr_line' id='line_1_27' title="bbox 107 2857 1057 2944; baseline 0.007 -25"><span class='ocrx_word' id='word_1_182' title='bbox 107 2857 253 2923; x_wconf 81' lang='lat' dir='ltr'>terebus</span> <span class='ocrx_word' id='word_1_183' title='bbox 276 2858 375 2928; x_wconf 88' lang='lat' dir='ltr'>etiam</span> <span class='ocrx_word' id='word_1_184' title='bbox 398 2861 494 2943; x_wconf 85' lang='lat' dir='ltr'>atque</span> <span class='ocrx_word' id='word_1_185' title='bbox 516 2858 614 2924; x_wconf 88' lang='lat' dir='ltr'>etiam</span> <span class='ocrx_word' id='word_1_186' title='bbox 636 2858 759 2944; x_wconf 89' lang='lat' dir='ltr'>hortor,</span> <span class='ocrx_word' id='word_1_187' title='bbox 781 2858 897 2944; x_wconf 89' lang='lat' dir='ltr'>quibus</span> <span class='ocrx_word' id='word_1_188' title='bbox 915 2860 1057 2944; x_wconf 87' lang='lat' dir='ltr'>superio·</span> 
     </span>
     <span class='ocr_line' id='line_1_28' title="bbox 106 2944 1058 3034; baseline 0.007 -26"><span class='ocrx_word' id='word_1_189' title='bbox 106 2944 187 3011; x_wconf 87' lang='lat' dir='ltr'>ribus</span> <span class='ocrx_word' id='word_1_190' title='bbox 220 2945 340 3011; x_wconf 84' lang='lat' dir='ltr'>litteris</span> <span class='ocrx_word' id='word_1_191' title='bbox 371 2947 520 3013; x_wconf 80' lang='lat' dir='ltr'>hortatus</span> <span class='ocrx_word' id='word_1_192' title='bbox 547 2969 634 3031; x_wconf 76' lang='lat' dir='ltr'>sum,</span> <span class='ocrx_word' id='word_1_193' title='bbox 663 2949 702 3013; x_wconf 90' lang='lat' dir='ltr'>ut</span> <span class='ocrx_word' id='word_1_194' title='bbox 731 2947 767 3012; x_wconf 91' lang='lat' dir='ltr'>in</span> <span class='ocrx_word' id='word_1_195' title='bbox 793 2968 832 3013; x_wconf 87' lang='lat' dir='ltr'>ea</span> <span class='ocrx_word' id='word_1_196' title='bbox 857 2969 893 3014; x_wconf 83' lang='lat' dir='ltr'>nc</span> <span class='ocrx_word' id='word_1_197' title='bbox 918 2948 1058 3034; x_wconf 84' lang='lat' dir='ltr'>publica,</span> 
     </span>
     <span class='ocr_line' id='line_1_29' title="bbox 108 3036 1058 3125; baseline 0.005 -28"><span class='ocrx_word' id='word_1_198' title='bbox 108 3052 322 3120; x_wconf 88' lang='lat' dir='ltr'>quaecumque</span> <span class='ocrx_word' id='word_1_199' title='bbox 349 3040 411 3121; x_wconf 89' lang='lat' dir='ltr'>est,</span> <span class='ocrx_word' id='word_1_200' title='bbox 443 3037 705 3121; x_wconf 86' lang='lat' dir='ltr'>quamprimum</span> <span class='ocrx_word' id='word_1_201' title='bbox 732 3036 811 3101; x_wconf 81' lang='lat' dir='ltr'>velis</span> <span class='ocrx_word' id='word_1_202' title='bbox 839 3057 921 3102; x_wconf 86' lang='lat' dir='ltr'>asse:</span> <span class='ocrx_word' id='word_1_203' title='bbox 955 3037 1058 3125; x_wconf 83' lang='lat' dir='ltr'>multa</span> 
     </span>
     <span class='ocr_line' id='line_1_30' title="bbox 106 3121 1058 3210; baseline 0.005 -26"><span class='ocrx_word' id='word_1_204' title='bbox 106 3121 224 3190; x_wconf 77' lang='lat' dir='ltr'>uidebis</span> <span class='ocrx_word' id='word_1_205' title='bbox 243 3125 391 3209; x_wconf 82' lang='lat' dir='ltr'>fortasse,</span> <span class='ocrx_word' id='word_1_206' title='bbox 408 3145 490 3209; x_wconf 90' lang='lat' dir='ltr'>quae</span> <span class='ocrx_word' id='word_1_207' title='bbox 507 3125 602 3209; x_wconf 88' lang='lat' dir='ltr'>nolis,</span> <span class='ocrx_word' id='word_1_208' title='bbox 623 3146 691 3190; x_wconf 88' lang='lat' dir='ltr'>non</span> <span class='ocrx_word' id='word_1_209' title='bbox 708 3125 803 3210; x_wconf 90' lang='lat' dir='ltr'>plura</span> <span class='ocrx_word' id='word_1_210' title='bbox 819 3127 938 3209; x_wconf 88' lang='lat' dir='ltr'>tamen,</span> <span class='ocrx_word' id='word_1_211' title='bbox 961 3145 1058 3208; x_wconf 88' lang='lat' dir='ltr'>quam</span> 
     </span>
     <span class='ocr_line' id='line_1_31' title="bbox 107 3211 1057 3299; baseline 0.005 -26"><span class='ocrx_word' id='word_1_212' title='bbox 107 3211 191 3276; x_wconf 83' lang='lat' dir='ltr'>andis</span> <span class='ocrx_word' id='word_1_213' title='bbox 225 3212 382 3298; x_wconf 69' lang='lat' dir='ltr'>quotidie,</span> <span class='ocrx_word' id='word_1_214' title='bbox 417 3234 486 3279; x_wconf 91' lang='lat' dir='ltr'>non</span> <span class='ocrx_word' id='word_1_215' title='bbox 522 3216 572 3279; x_wconf 89' lang='lat' dir='ltr'>est</span> <span class='ocrx_word' id='word_1_216' title='bbox 601 3234 699 3299; x_wconf 89' lang='lat' dir='ltr'>porro</span> <span class='ocrx_word' id='word_1_217' title='bbox 735 3216 828 3279; x_wconf 89' lang='lat' dir='ltr'>tuum</span> <span class='ocrx_word' id='word_1_218' title='bbox 862 3234 928 3279; x_wconf 87' lang='lat' dir='ltr'>uno</span> <span class='ocrx_word' id='word_1_219' title='bbox 960 3234 1057 3278; x_wconf 87' lang='lat' dir='ltr'>sensu</span> 
     </span>
     <span class='ocr_line' id='line_1_32' title="bbox 106 3299 1057 3387; baseline 0.008 -27"><span class='ocrx_word' id='word_1_220' title='bbox 106 3299 206 3366; x_wconf 91' lang='lat' dir='ltr'>solum</span> <span class='ocrx_word' id='word_1_221' title='bbox 230 3301 397 3367; x_wconf 88' lang='lat' dir='ltr'>oculorum</span> <span class='ocrx_word' id='word_1_222' title='bbox 418 3303 554 3387; x_wconf 81' lang='lat' dir='ltr'>moveri,</span> <span class='ocrx_word' id='word_1_223' title='bbox 581 3324 681 3387; x_wconf 90' lang='lat' dir='ltr'>quum</span> <span class='ocrx_word' id='word_1_224' title='bbox 706 3301 792 3368; x_wconf 89' lang='lat' dir='ltr'>idem</span> <span class='ocrx_word' id='word_1_225' title='bbox 818 3301 899 3368; x_wconf 90' lang='lat' dir='ltr'>illud</span> <span class='ocrx_word' id='word_1_226' title='bbox 925 3301 1057 3368; x_wconf 85' lang='lat' dir='ltr'>auribus</span> 
     </span>
    </p>
   </div>
   <div class='ocr_carea' id='block_1_6' title="bbox 108 3543 1057 3687">
    <p class='ocr_par' dir='ltr' id='par_1_6' title="bbox 108 3543 1057 3687">
     <span class='ocr_line' id='line_1_33' title="bbox 112 3543 1057 3624; baseline 0.005 -25"><span class='ocrx_word' id='word_1_227' title='bbox 112 3613 117 3624; x_wconf 30' lang='grc' dir='ltr'>ι</span> <span class='ocrx_word' id='word_1_228' title='bbox 136 3543 186 3616; x_wconf 79' lang='lat' dir='ltr'>Ep.</span> <span class='ocrx_word' id='word_1_229' title='bbox 207 3552 235 3614; x_wconf 81' lang='grc'>8,</span> <span class='ocrx_word' id='word_1_230' title='bbox 248 3553 273 3602; x_wconf 76' lang='lat'>2.</span> <span class='ocrx_word' id='word_1_231' title='bbox 310 3552 439 3618; x_wconf 65' lang='lat' dir='ltr'>oportere</span> <span class='ocrx_word' id='word_1_232' title='bbox 456 3548 562 3605; x_wconf 77' lang='lat' dir='ltr'>iudicio</span> <span class='ocrx_word' id='word_1_233' title='bbox 581 3547 711 3617; x_wconf 68' lang='lat' dir='ltr'>(Graec).</span> <span class='ocrx_word' id='word_1_234' title='bbox 756 3551 877 3618; x_wconf 76' lang='lat' dir='ltr'>oportere</span> <span class='ocrx_word' id='word_1_235' title='bbox 895 3547 953 3604; x_wconf 78' lang='lat' dir='ltr'>tud.</span> <span class='ocrx_word' id='word_1_236' title='bbox 972 3547 1003 3603; x_wconf 93' lang='grc' dir='ltr'>Β.</span> <span class='ocrx_word' id='word_1_237' title='bbox 1022 3577 1057 3589; x_wconf 94' lang='grc'>-</span> 
     </span>
     <span class='ocr_line' id='line_1_34' title="bbox 108 3616 433 3687; baseline 0.012 -17"><span class='ocrx_word' id='word_1_238' title='bbox 108 3616 205 3672; x_wconf 66' lang='lat' dir='ltr'>roario</span> <span class='ocrx_word' id='word_1_239' title='bbox 225 3619 344 3674; x_wconf 75' lang='lat' dir='ltr'>omnium</span> <span class='ocrx_word' id='word_1_240' title='bbox 363 3619 433 3687; x_wconf 60' lang='grc' dir='ltr'>(ων</span> 
     </span>
    </p>
   </div>
   <div class='ocr_carea' id='block_1_7' title="bbox 0 0 1310 3980">
    <p class='ocr_par' dir='ltr' id='par_1_7' title="bbox 0 0 1310 3980">
     <span class='ocr_line' id='line_1_35' title="bbox 0 0 1310 3980; baseline 0 3"><span class='ocrx_word' id='word_1_241' title='bbox 0 0 1310 3980; x_wconf 95' lang='lat' dir='ltr'> </span> 
     </span>
    </p>
   </div>
  </div>
 </body>
</html>
