2568 3980
220 229 283 293 166
502 229 683 284 nuncin
700 227 890 286 CICERONIS

215 395 314 459 quom
335 395 467 440 necesse
488 374 564 457 fuit3
586 373 667 438 facit
684 376 793 438 antem
810 395 880 439 non
895 371 1075 458 loquacitas
1093 396 1174 459 men,

181 463 274 532 seed
296 463 523 528 benevolentia
543 423 708 548 longiores
735 463 897 547 epistolas.
942 460 1089 528 Servium
1111 463 1174 528 dis

214 549 350 618 cessisse
380 551 519 616 Athenis
551 552 685 617 moleste
716 552 791 634 tuli3
825 572 894 616 non
929 551 1016 616 enim
1052 551 1175 636 dubito,

216 641 296 724 quin
322 661 460 726 magnae
491 640 553 706 tibi
578 640 734 706 levationi
760 641 875 706 solitus
902 639 946 704 sit
971 661 1042 704 esse
1069 641 1174 723 quoti

216 729 332 794 dianus
364 749 556 814 congressus
593 731 626 794 et
658 750 763 794 sermo
797 749 896 812 quum
931 728 1175 794 familiarissimi

215 817 366 901 hominis,
387 820 459 882 tum
482 818 597 901 optimi
619 820 652 882 et
674 817 916 901 prudentissimi
938 816 1007 882 riri.
1049 815 1099 882 Tu
1122 839 1174 882 ve·

215 905 274 970 lim
304 909 351 990 te,
382 909 420 972 ut
450 907 547 972 debes
574 910 608 970 et
634 906 732 989 soles,
763 908 820 971 tua
851 905 970 972 virtuts
998 909 1173 972 sustentes:

216 1013 291 1079 ogo,
320 1015 402 1078 quae
429 998 463 1060 te
489 996 573 1060 velle
595 1015 755 1079 quaeque.
767 993 810 1058 sd
831 997 864 1058 te
886 997 921 1058 et
942 994 983 1059 sd
1005 997 1081 1060 tuos
1103 1017 1174 1079 per·

214 1083 319 1147 tinere
342 1083 537 1168 arbitrabor,
565 1082 675 1149 omnia
697 1081 843 1148 studiose'
862 1083 1097 1168 diligenterque
1119 1105 1173 1149 cu·

214 1172 308 1237 rabo·
301 1194 414 1255 ,quae
437 1194 537 1256 quum
558 1173 685 1256 faciam,
707 1171 966 1238 benevolentiam
984 1175 1076 1238 tuem
1095 1193 1173 1259 erga

214 1281 267 1326 me
289 1221 451 1346 iinitebor,
472 1262 589 1326 merita
610 1282 678 1326 non
701 1281 863 1344 assequar
907 1258 999 1326 Vale.

391 1565 448 1622 Sor.
471 1565 577 1620 Romae
601 1569 719 1622 exeunte
740 1555 816 1622 'enno
839 1583 866 1620 u.
890 1584 913 1621 o.
934 1573 992 1622 ⁷08.

430 1690 468 1745 M.
482 1687 611 1747 CICERO
627 1689 654 1746 S.
667 1690 701 1746 D.
716 1692 749 1747 A.
764 1689 954 1748 eunomus.

180 1805 194 1856 ι
281 1789 551 1873 Quotiescumque
563 1789 667 1856 fllium
679 1794 773 1856 tuum
790 1790 940 1856 rideo-
954 1789 1048 1855 video
1063 1793 1171 1856 autem

213 1880 280 1945 fere
304 1879 447 1963 quotidie
461 1914 513 1963 -,
534 1880 689 1963 polliceor
706 1880 736 1944 ei
755 1879 897 1946 studium
915 1879 1043 1963 quidem
1063 1900 1171 1944 meum

214 1972 248 2034 et
270 1989 402 2052 oporam
425 1967 493 2033 sine
517 1968 584 2032 ulle
606 1969 793 2053 exceptione
816 1971 874 2032 eut
895 1967 1015 2033 laboris
1039 1970 1097 2033 aut
1119 1989 1170 2033 oc-

213 2057 396 2142 cupationis
414 2060 473 2122 aut
489 2057 653 2141 temporis,
672 2057 810 2142 gretiam
824 2059 932 2121 autem
950 2058 1047 2139 atque
1061 2059 1170 2122 sucto-

212 2147 344 2211 ritatem
361 2167 434 2211 cum
452 2146 514 2210 hoc
533 2145 729 2229 exceptione,
752 2148 910 2230 quantum
926 2144 1051 2209 valeam
1070 2165 1170 2228 qusn—

212 2237 346 2320 tumquo
369 2235 499 2318 possim.
535 2232 632 2298 Liber
653 2236 730 2298 tuus
753 2237 786 2298 et
807 2234 909 2298 lectus
933 2235 983 2297 est
1001 2235 1034 2298 ct
1050 2232 1171 2317 legitur

213 2345 234 2387 a
260 2344 312 2387 mc
339 2323 511 2407 diligenter
536 2324 571 2385 ct
595 2320 776 2386 custoditur
802 2321 1055 2406 diligentissime.
1104 2320 1170 2386 Res

213 2414 247 2474 et
267 2410 419 2476 fortunae
441 2413 516 2474 tuoe
543 2408 624 2473 mihi
650 2410 808 2474 maximoe
840 2431 934 2474 curae
967 2412 1056 2493 sunt,
1087 2431 1170 2492 quse
1281 2455 1282 2508 q

212 2498 343 2582 quidem
365 2497 508 2582 quotidie
531 2495 692 2561 faciliores
719 2498 799 2564 mihi
826 2501 859 2563 et
885 2497 1033 2563 meliores
1060 2496 1169 2563 viden—

211 2589 275 2670 tur,
296 2586 470 2670 multisque
487 2585 581 2651 video
599 2606 737 2670 magnae
761 2608 830 2652 esse
848 2605 952 2670 curae,
975 2607 1112 2671 quorum
1130 2586 1169 2651 de

212 2674 320 2740 studio
344 2675 434 2740 etde
453 2695 511 2739 sua
530 2695 586 2758 spe
604 2673 707 2738 filium
726 2675 767 2739 ed
784 2678 817 2739 te
834 2675 1058 2759 perscripsisse
1080 2679 1169 2740 certo

177 2763 292 2846 ssci03
314 2763 354 2828 iis
378 2767 487 2828 eutem
510 2762 682 2846 derebus,
704 2783 785 2846 quas
808 2763 993 2830 coniectura
1016 2764 1169 2847 consequi

211 2872 393 2938 possumus,
415 2873 483 2917 non
506 2851 586 2916 mihi
608 2872 710 2934 sumo,
732 2851 860 2936 utplus
878 2851 947 2936 ipse
964 2851 1169 2935 prospiciam,
1280 2861 1281 2890 ἒ

212 2961 311 3024 quem
332 2942 366 3004 te
388 2939 496 3004 videro
519 2942 616 3023 atque
638 2939 819 3024 intelligere
842 2939 923 3006 mihi
944 2940 1168 3024 persuaserim,

212 3028 269 3094 sed
290 3030 411 3112 temen,
433 3028 509 3110 quie
530 3027 600 3093 fieri
622 3031 738 3112 potest,
760 3032 797 3092 ut
819 3031 856 3094 tu
874 3049 914 3092 es
932 3027 1168 3112 perturbatiore

212 3117 321 3182 enimc
344 3117 482 3202 cogites,
503 3119 583 3199 puto
607 3137 677 3182 esse
699 3137 819 3200 meum,
842 3117 919 3201 quid
943 3117 1093 3200 sentiam,
1115 3136 1168 3180 ex-

211 3226 346 3291 ponere:
373 3226 412 3270 ea
438 3207 556 3268 notura
576 3225 685 3268 rerum
712 3208 818 3270 estet
843 3205 872 3270 is
894 3208 1077 3289 temporum
1099 3224 1169 3270 cur·

212 3315 276 3379 sus,
299 3297 336 3360 ut
358 3314 426 3360 non
447 3292 552 3378 possit
573 3292 637 3357 ista
659 3295 716 3358 aut
737 3293 798 3358 tibi
821 3296 878 3358 sut
900 3295 1014 3358 ceteris
1036 3294 1168 3358 fortuna

212 3402 281 3447 esse
304 3381 457 3448 diuturna
479 3403 583 3464 neque
605 3380 737 3446 haerere
759 3381 795 3446 in
816 3383 884 3445 taio
907 3381 994 3447 bona
1017 3403 1114 3448 causa
1137 3387 1169 3446 et

282 3571 333 3641 Ep.
354 3579 418 3640 5,1.
454 3577 532 3640 eunt,
557 3571 844 3642 praepositionem).
880 3576 958 3636 sunt;
982 3588 1006 3640 q.
1025 3589 1049 3642 q.
1073 3571 1169 3643 vulgo.
1277 3616 1279 3656 1
