2636 3986
221 243 288 307 468
504 241 541 294 ll.
561 239 685 295 TULLII
702 237 896 294 CICERONIS

222 384 381 470 Nysaeos,
413 405 494 469 quos
521 381 610 448 Nero
640 382 677 446 in
706 381 821 466 primis
850 381 951 446 babet
980 378 1184 446 necessarios

222 473 530 558 diligentissimeque
560 473 670 535 tuetur
705 492 744 536 ac
774 469 930 552 defendit,
965 467 1088 533 babeas
1118 467 1184 533 tibi

223 561 569 644 commendatissimos,
594 562 633 624 ut
653 559 816 644 intelligat
840 557 898 622 illa
919 557 1033 622 civitas
1060 555 1124 621 sibi
1144 555 1183 622 in

222 648 363 716 Neronis
385 647 565 733 patrocinio
583 669 745 714 summum
762 667 832 712 esse
849 645 1056 730 praesidium
1092 642 1181 708 Sbe-

222 739 342 804 bonem
364 735 535 804 Servilium
561 735 623 801 tibi
646 757 741 818 saepe
763 734 1000 818 commendavi,
1026 753 1114 798 nunc
1140 753 1181 797 eo

222 827 306 892 facio
328 826 363 890 id
379 825 565 908 impensius,
587 824 674 909 quod
691 824 760 888 eius
777 845 908 888 causam
925 820 1013 886 Nero
1031 820 1182 904 suscepit

223 912 1181 997 Tautumatepetimus,uttaagaseamrem,nere·

223 1003 352 1086 linquas
372 1001 538 1067 bominem
559 1001 765 1066 innocentem
786 999 829 1064 sd
851 999 985 1064 alicuius
1011 998 1062 1064 tui
1089 996 1181 1064 disu-

223 1091 310 1156 milis
332 1095 518 1176 quaestum:
547 1089 583 1154 id
613 1111 713 1173 quum
739 1093 868 1173 gratum
898 1087 980 1153 mibi
1005 1087 1081 1171 erit,
1109 1089 1180 1154 tum

223 1179 322 1243 ctiam
352 1179 544 1244 existimabo
580 1181 614 1243 te
645 1177 847 1242 humanitate
881 1178 940 1240 tua
975 1195 1046 1242 esse
1077 1195 1180 1240 usum

189 1265 358 1332 zSumma
378 1267 474 1332 huius
496 1267 651 1351 epistolae
672 1265 752 1330 haec
774 1269 833 1348 est,
854 1267 892 1330 ut
914 1285 1009 1330 ornes
1031 1263 1181 1329 omnibus

223 1356 319 1420 rebus
341 1354 513 1438 Neronem,
536 1355 631 1419 sicuti
651 1352 822 1420 instituisti
843 1355 940 1437 atque
961 1351 1076 1418 fecisti
1111 1349 1181 1416 lIa-

224 1463 324 1527 gnum
346 1443 510 1507 theatrum
530 1441 630 1506 habet
650 1443 715 1506 ista
740 1441 918 1525 provincia,
943 1462 1013 1507 non
1038 1443 1077 1506 ut
1101 1439 1181 1506 baec

223 1534 345 1613 nostra,
364 1533 408 1594 ad
424 1530 635 1596 adolescentis
652 1529 782 1613 nobilis,
798 1530 969 1616 ingeniosi,
986 1528 1179 1594 abstinentis

224 1618 535 1684 commendationem
561 1621 658 1703 atque
685 1617 836 1703 gloriam3
865 1640 979 1703 quare,
1006 1618 1035 1683 si
1056 1621 1090 1681 te
1111 1617 1179 1682 fau-

223 1711 293 1772 tore
314 1727 393 1772 usus
415 1707 486 1790 erit,
508 1706 604 1771 sicuti
625 1705 769 1790 profecto
787 1710 821 1771 ct
837 1710 947 1771 utetm
968 1709 1003 1771 et
1022 1727 1100 1772 usus
1122 1708 1179 1786 est,

224 1795 439 1878 amplissimos
461 1795 626 1860 clientelas
649 1798 796 1878 acceptas
823 1795 1040 1860 amatoribus
1067 1793 1178 1860 confir-

223 1906 311 1947 mare
337 1884 458 1969 poterit
488 1887 522 1948 et
551 1883 714 1948 beneficiis
746 1883 813 1948 suis
845 1883 997 1968 obligare.
1047 1881 1119 1948 Hoc
1144 1883 1178 1945 in

224 1992 340 2057 genere
368 1973 396 2036 si
424 1993 498 2036 eum
520 1972 678 2036 adiuveris
701 1993 740 2037 eo
763 1971 882 2054 studio,
910 1993 975 2057 quo
1002 1970 1178 2054 ostendisti,

224 2061 310 2144 apud
330 2061 438 2144 ipsum
455 2059 708 2144 praeclarissime
726 2060 882 2144 posueris,
905 2059 962 2125 sed
980 2059 1060 2124 mihi
1083 2059 1179 2123 etiam

224 2149 444 2233 gratissimum
466 2149 588 2214 feceris.

570 2383 572 2390 ·
654 2339 752 2407 LXV.

371 2453 428 2509 eor.
452 2453 483 2506 in
506 2451 606 2507 Cilicia
628 2454 747 2508 exeunte
771 2469 845 2508 anno
870 2470 897 2508 u.
923 2469 947 2508 ο.
971 2457 1033 2508 703.

413 2574 451 2628 Μ.
466 2573 595 2630 CICERO
610 2575 637 2630 S.
652 2575 686 2630 D.
704 2574 735 2629 Ρ.
750 2574 845 2631 SIIdO
859 2575 990 2632 PROPlt.

190 2686 204 2737 ι
290 2670 373 2739 Oum
395 2673 431 2740 P.
458 2673 609 2741 Terentio
631 2673 793 2761 Hispone,
820 2676 875 2760 qui
903 2697 1016 2760 operas
1043 2675 1078 2740 in
1106 2675 1180 2740 scri·

224 2763 320 2848 ptura
346 2785 405 2847 pro
432 2763 589 2849 magistro
617 2764 685 2847 dat,
716 2764 797 2829 mihi
825 2786 952 2830 summa
979 2764 1180 2830 familiaritas

225 2851 485 2936 consuetudoque
512 2856 574 2936 cet,
607 2854 772 2938 multaque
800 2856 833 2918 et
858 2873 980 2938 magna
1010 2853 1180 2918 internos

225 2937 330 3003 officia
361 2940 453 3022 paria
489 2944 521 3004 et
551 2943 664 3006 mutua
698 2941 914 3007 intercedunt:
951 2941 1020 3006 eius
1057 2963 1182 3006 summe

225 3027 420 3093 existimatio
443 3027 551 3112 agitur
572 3030 607 3093 in
630 3051 678 3112 eo,
701 3033 738 3094 ut
759 3029 925 3113 pactiones
948 3051 1023 3094 cum
1045 3029 1181 3096 civitati-

225 3117 285 3182 bus
308 3114 440 3200 reliquis
467 3117 623 3182 conficiat.
668 3116 746 3184 Non
771 3139 823 3183 me
845 3118 1001 3203 praeterit
1028 3139 1181 3183 noscam

296 3289 348 3359 Ep.
368 3296 451 3356 64,1.
478 3306 542 3355 rem,
560 3307 595 3344 ae
613 3291 681 3359 (M.).
716 3307 773 3346 rem
789 3307 844 3347 nea
861 3292 962 3360 Klotz,
977 3291 1008 3346 B.
1045 3299 1070 3346 2.
1094 3307 1181 3361 prou,

225 3375 282 3412 noc
299 3365 332 3412 ut
348 3361 374 3413 b.
392 3365 502 3426 nostra,
521 3361 558 3414 od
575 3360 651 3428 (W.).
692 3362 730 3416 od
747 3378 801 3416 om.
820 3362 857 3416 Μ.
889 3379 985 3430 prou,
1002 3379 1060 3417 non
1077 3365 1138 3418 item
1154 3363 1180 3416 t.

225 3445 263 3494 ea,
282 3431 319 3482 od
338 3429 422 3497 (W.)?
458 3431 503 3484 An
515 3446 606 3498 prou,
623 3447 689 3496 oon,
706 3437 738 3486 ut
755 3433 781 3486 b.
794 3451 832 3499 ee,
846 3437 861 3470 *
876 3435 922 3500 od,
939 3435 973 3487 ut
986 3434 1122 3489 exciderit
1134 3450 1181 3488 aa·

244 3503 334 3552 aetum
352 3498 478 3568 simileve
497 3499 605 3568 aliquid
619 3500 666 3568 (W
668 3501 703 3568 .)?
777 3543 782 3556 .
802 3503 870 3572 [noa
885 3503 1030 3576 ..unstred
1049 3505 1093 3560 od.
1108 3505 1180 3571 Ern,

225 3514 258 3621 b.
278 3597 311 3606 —
326 3571 462 3636 posueris,
479 3575 525 3623 ced
544 3569 614 3638 (M).
647 3587 679 3638 p.
693 3575 719 3624 et
737 3518 792 3639 dn,
811 3573 841 3627 B.
