2578 3978
260 247 301 312 38
542 245 579 300 Μ.
599 243 723 298 TULLII
742 242 933 298 oteramus

260 392 345 478 quod
368 392 454 475 abes,
477 391 637 477 gratulor,
663 389 715 454 vel
742 389 912 474 quianon
939 387 1028 454 vides
1055 409 1107 472 ea,
1136 407 1226 471 quae

259 503 333 566 noe,
360 482 411 546 vel
434 480 521 564 quod
544 480 668 544 excelso
692 481 724 542 et
746 478 864 542 illustri
886 478 958 543 loeo
986 477 1049 541 sita
1077 478 1126 540 est
1147 477 1225 542 laus

259 573 316 636 tua
333 570 370 634 in
387 569 599 654 plurimorum
618 570 651 632 et
669 567 829 632 sociorum
847 569 881 631 ot
899 566 1016 632 civium
1035 568 1226 650 conspectu,

260 680 341 742 quae
366 658 407 722 ad
433 679 494 722 nos
517 678 581 729 nec
605 656 741 721 obscuro
769 677 829 720 nec
856 656 945 720 vario
974 676 1134 738 sermone,
1165 655 1226 719 sed
1279 669 1280 698 ³

225 767 240 815 a
260 752 293 814 et
316 747 493 811 clarissima
511 748 544 810 et
561 767 627 810 una
646 745 791 809 omnium
808 766 886 810 voce
904 744 1073 830 perfertur.
1106 742 1226 809 Unum
1279 759 1280 822 g

258 836 339 900 illud
361 836 479 919 nescio,
494 902 495 908 1
502 836 687 920 gratulerne
709 834 771 898 tibi
793 855 837 897 an
853 834 995 917 timeam,
1019 831 1105 918 quod
1123 833 1225 897 mira·

258 924 332 989 bilis
356 927 406 988 est
429 923 625 1008 exspectatio
643 922 765 986 reditus
783 922 842 1006 tui,
863 943 932 987 non
951 943 1015 1006 quo
1034 943 1157 1007 verear,
1182 943 1225 986 ne

258 1016 316 1076 tua
343 1013 445 1077 virtus
474 1011 620 1096 opinioni
646 1010 815 1076 hominum
842 1032 911 1075 non
932 1011 1139 1095 respondeat,
1165 1012 1226 1076 sed

240 1100 449 1186 mehercule,
467 1123 517 1187 ne,
539 1120 638 1184 quum
656 1099 791 1183 veneris,
809 1120 877 1164 non
895 1099 1016 1164 habeas
1034 1100 1108 1184 iam,
1131 1100 1225 1184 quod
1279 1095 1280 1186 1

259 1211 364 1254 cures:
391 1191 439 1254 ita
466 1192 543 1255 sunt
566 1189 675 1254 omnia
698 1189 865 1253 debilitata
892 1209 929 1253 ac
953 1189 1020 1252 iam
1042 1210 1142 1273 prope
1169 1211 1225 1254 ex·

259 1278 386 1342 stincta.
432 1276 495 1344 Sed
522 1279 602 1342 haec
629 1279 700 1361 ipsa
722 1277 831 1342 nescio
853 1280 981 1342 rectene
1009 1278 1075 1342 sint
1101 1278 1224 1343 litteris

258 1367 444 1449 commissa3
467 1387 564 1449 quare
589 1369 695 1430 cetera
718 1387 893 1452 cognosces
916 1388 955 1430 ex
978 1366 1058 1430 aliis.
1097 1365 1148 1430 Tu
1174 1372 1224 1432 ta·

258 1475 346 1539 men,
374 1455 440 1519 sive
467 1453 568 1518 habes
592 1455 735 1538 aliquam
762 1477 852 1539 spem
875 1456 913 1520 de
937 1477 971 1520 re
998 1455 1128 1543 publica
1152 1457 1223 1522 sive
1279 1451 1280 1538 1

138 1589 141 1595 .
259 1543 418 1628 desperas,
441 1564 480 1607 ea
497 1565 586 1627 para,
608 1543 773 1627 meditare,
796 1543 912 1629 cogita,
936 1564 1018 1628 quae
1036 1565 1105 1609 esse
1124 1545 1163 1610 in
1183 1567 1222 1611 eo
1279 1541 1280 1632 1

259 1631 320 1697 civi
343 1653 381 1696 ao
403 1632 473 1696 viro
497 1629 624 1716 debent,
647 1633 703 1716 qui
726 1632 768 1696 sit
789 1654 859 1697 rem
876 1632 1039 1717 publicam
1062 1633 1222 1698 afflictam
1279 1637 1280 1720 1

187 1745 192 1752 ·
258 1722 291 1784 11
309 1741 496 1805 oppressam
514 1721 639 1784 miseris
653 1720 853 1805 temporibus
874 1743 912 1786 ac
925 1721 1059 1806 perditis
1072 1723 1222 1788 moribus
1279 1727 1280 1798 1

256 1808 293 1872 in
314 1812 456 1874 veterem
479 1809 672 1895 dignitatem
694 1812 728 1873 et
749 1809 933 1874 libertatem
954 1810 1189 1877 vindicaturus.
1279 1859 1280 1872 2

535 2115 592 2172 Ser.
612 2115 719 2172 Romae
737 2134 762 2172 a.
782 2134 808 2172 u.
828 2133 852 2171 o.
872 2123 931 2174 ⁷01.

1279 1801 1280 1852 1

623 1966 765 2070 ,Ἡ
1030 2055 1033 2061 .

1279 2123 1280 2174 1

477 2239 515 2295 Η.
535 2239 664 2296 CICERO
684 2240 711 2295 S.
731 2239 764 2295 D.
784 2239 813 2295 C.
834 2239 1002 2300 OURIONI.

222 2358 236 2406 1
322 2338 477 2404 Nondum
501 2342 571 2403 erat
593 2340 739 2404 auditum
760 2345 793 2406 te
817 2340 858 2406 ad
880 2339 1010 2405 Italiam
1032 2338 1220 2424 adventare,

256 2448 356 2511 quum
384 2425 453 2492 Sex.
481 2425 631 2510 Villium,
658 2427 790 2494 Milonis
806 2428 877 2494 ¹mei
909 2429 1115 2514 familiarem,
1144 2451 1219 2495 cum
1279 2435 1280 2504 1

255 2514 307 2579 his
330 2514 372 2579 ad
393 2519 426 2580 te
448 2516 565 2580 litteris
588 2516 675 2602 misi3
699 2517 755 2582 sed
777 2521 896 2600 tamen,
917 2539 1018 2602 quum
1041 2520 1218 2604 appropin-
1279 2507 1280 2594 1

256 2625 354 2686 quare
376 2606 453 2669 tuus
476 2604 633 2669 adventus
665 2609 833 2689 putaretur
860 2608 893 2670 et
921 2609 954 2670 te
981 2608 1047 2670 iarn
1074 2628 1112 2670 ex
1136 2607 1219 2672 Asia

255 2691 394 2756 Romam
411 2715 522 2759 versus
542 2694 724 2777 profectum
742 2716 810 2759 esse
829 2697 1001 2780 constaret,
1023 2695 1218 2782 magnitudo
1279 2723 1280 2778 1

256 2780 303 2844 rei
324 2780 410 2864 fecit,
432 2783 560 2845 utnon
581 2803 776 2866 vereremur,
802 2804 844 2846 ne
866 2783 964 2848 nimis
986 2783 1050 2848 cito
1073 2784 1217 2848 mittere·
1279 2779 1280 2868 1

256 2889 341 2951 mus,
363 2891 463 2952 quum
485 2869 544 2934 has
568 2891 665 2954 quam
687 2871 827 2955 primum
854 2870 895 2935 ad
916 2875 950 2974 11
972 2871 1108 2973 perferri
1130 2873 1217 2937 litte·
1279 2869 1280 2960 1

255 2957 1217 3136 11111111111111111111

254 3135 287 3196 te
310 3132 380 3217 ipso
403 3131 582 3216 praedicari
605 3157 702 3219 quam
725 3157 745 3200 1
767 3157 818 3200 me
840 3137 1015 3220 ponderari
1037 3137 1144 3203 solent
1163 3175 1216 3221 —,

254 3221 465 3286 verecundius
489 3243 508 3285 a
530 3225 576 3306 te,
599 3224 627 3288 si
648 3245 732 3308 quae
755 3243 948 3310 magnares
971 3225 1052 3290 mihi
1074 3225 1215 3310 petenda
1279 3221 1280 3300 1

255 3312 349 3394 esset,
371 3308 607 3395 contenderem,
629 3332 728 3396 grave
750 3315 800 3377 est
822 3313 909 3377 enim
929 3313 1056 3380 homini
1078 3315 1215 3399 pudenti
1279 3307 1280 3398 1

324 3515 377 3586 Ep.
396 3525 421 3585 o,
439 3525 473 3572 1.·
500 3517 584 3573 Curio
604 3549 637 3558 -
655 3525 736 3576 tauto
754 3520 902 3576 ...soleat
919 3552 968 3590 -,
985 3540 1038 3580 ver,
1058 3524 1134 3593 (W,),
1173 3523 1214 3589 0„
1279 3537 1280 3608 1

254 3589 334 3640 tuoto
414 3589 507 3656 soleat,
525 3606 579 3644 oar.
598 3590 692 3662 vulgo.
