2578 3982
239 194 304 258 608
521 195 558 248 Μ.
578 194 702 249 TULLII
718 194 909 250 CICERONIS

238 359 414 420 cusaeram,
441 338 572 402 mirifice
599 338 679 402 mihi
706 341 739 402 eb
764 360 823 422 per
850 360 884 404 se
911 343 944 403 et
972 361 1032 425 per
1060 339 1210 424 Pompo

238 427 329 492 nium
360 426 526 490 blanditur
556 425 696 510 Appius3
732 427 820 491 videt
851 427 951 510 enim,
983 428 1048 492 hoc
1083 450 1208 514 genere
1255 469 1256 490 η

240 513 365 579 dicendi
388 514 416 578 si
437 518 512 578 utar
533 515 569 578 in
595 515 722 598 calens,
744 513 956 580 Februarium
977 517 1130 581 sterilem
1159 519 1209 582 fu-

238 607 356 667 turum.
409 601 557 686 Eumque
587 603 651 666 lusi
681 603 790 667 iocoso
824 604 917 687 salis,
953 625 1062 688 neque
1099 607 1209 670 solum

238 691 319 755 illud
354 690 474 755 extorsi
509 689 714 774 oppidulum,
753 691 840 775 quod
876 694 946 754 erat
979 693 1136 774 positum
1174 696 1208 758 in

238 779 400 862 Euphrati
422 777 610 863 Zeugmate,
632 779 688 842 sed
709 782 878 862 praeterea
897 783 1010 864 togam
1033 803 1113 845 snm
1139 784 1207 847 eius

239 870 454 951 praetextam,
489 888 587 950 quam
617 870 687 930 erat
718 867 853 951 adeptus
885 865 1023 932 Caesare
1057 873 1207 952 consule,

213 976 359 1041 amagno
380 955 550 1020 hominum
572 955 640 1019 risu
667 955 843 1020 cauillatus.
888 954 999 1039 „Quod
1023 957 1130 1042 vulo,
1160 961 1207 1023 in-

239 1066 346 1129 quam,
366 1043 534 1127 „renovari
555 1043 696 1108 honores
714 1043 851 1127 eosdem,
874 1064 938 1126 quo
956 1044 1068 1108 minus
1089 1049 1207 1132 cogam

239 1136 439 1216 praelautum
456 1131 630 1215 quotannis
648 1131 830 1215 interpolet,
852 1131 1099 1198 decernendum
1123 1137 1205 1200 nihil

240 1242 368 1304 oenseo;
398 1242 456 1285 vos
488 1223 610 1303 autem,
640 1219 788 1284 homines
816 1219 954 1303 nobiles,
981 1221 1039 1304 qui
1069 1221 1205 1288 Bostra

239 1330 319 1374 num
339 1311 576 1393 praetextatum
598 1329 666 1372 non
687 1307 849 1391 ferebatis,
871 1305 1138 1394 Commagenum
1161 1314 1204 1376 fe

239 1396 358 1462 rebis‘?“
401 1395 510 1460 Genus
532 1396 621 1460 vides
644 1398 678 1460 ei
698 1396 805 1460 locum
827 1395 963 1460 iocandi.
999 1395 1117 1464 Multa
1140 1401 1203 1466 dixi

238 1485 275 1549 in
295 1484 473 1568 ignobilem
489 1503 608 1568 regem,
631 1484 746 1568 quibus
765 1488 853 1548 bobus
872 1487 922 1548 eal
939 1485 1116 1572 explosus3
1141 1511 1202 1573 quo

110 1651 114 1658 .
239 1593 356 1657 genere
379 1575 573 1655 commotus,
598 1576 636 1636 ub
658 1572 736 1655 dixi,
762 1572 889 1656 Appius
916 1575 1023 1636 tobim
1051 1597 1111 1640 me
1141 1600 1202 1642 am-

237 1662 398 1744 plexatum
421 1660 503 1724 nihil
521 1665 571 1724 est
588 1660 675 1724 enim
692 1659 819 1724 facilius
838 1682 935 1745 quam
952 1661 1084 1745 reliqua
1098 1665 1201 1730 discu-

237 1754 320 1833 tere3
347 1749 497 1814 sednon
523 1748 655 1832 faciam,
681 1751 719 1812 ut
745 1748 836 1813 illum
865 1748 1041 1834 offendam,
1069 1773 1119 1816 ne
1147 1756 1201 1819 im·

237 1840 343 1922 ploret
362 1838 459 1902 fidem
480 1836 567 1902 Iovis
589 1835 782 1919 Hospitalis,
804 1835 917 1902 Graios
941 1858 1056 1902 omnes
1081 1863 1200 1908 convo·

211 1931 298 2010 roei,
316 1948 374 2010 per
392 1947 474 2009 quos
491 1945 617 1989 mecum
634 1925 670 1988 in
690 1925 829 2009 gratiam
841 1925 944 1990 rediit,
981 1925 1201 2016 Theopompo

239 2014 482 2080 satisfaciemus.
527 2012 576 2077 De
600 2011 735 2078 Caesare
762 2013 892 2099 fugerat
917 2035 968 2078 me
997 2015 1040 2078 ad
1064 2020 1101 2081 be
1127 2022 1202 2084 scri·

237 2103 325 2187 bere,
351 2103 444 2167 video
468 2102 566 2184 enim,
593 2122 672 2184 quas
694 2105 732 2164 lu
753 2101 878 2166 litteras
901 2105 1118 2188 exspectarim
1147 2109 1201 2172 sed

236 2191 291 2256 ille
318 2191 447 2275 scripaib
473 2190 513 2255 ad
540 2189 679 2254 Balbum
708 2188 898 2254 fasciculum
924 2191 1015 2254 illum
1044 2194 1201 2276 epislola·

236 2302 322 2363 rum,
352 2280 388 2343 in
420 2301 483 2362 quo
510 2278 617 2342 fuerat
643 2282 672 2341 el
699 2299 770 2341 mea
798 2281 829 2341 et
856 2277 964 2363 Balbi,
996 2283 1110 2346 tobim
1140 2285 1200 2349 sibi

237 2389 321 2450 aqua
347 2367 511 2430 madidum
537 2365 697 2429 redditum
724 2386 806 2449 esse,
835 2370 873 2430 ul
894 2388 936 2430 ne
958 2367 1040 2430 illud
1065 2372 1199 2453 quidem

237 2455 326 2537 sciat,
344 2475 449 2517 meam
466 2454 565 2517 fuisse
584 2454 724 2538 aliquam
743 2455 921 2537 epistolam.
958 2452 1022 2518 Sed
1040 2477 1082 2520 ex
1101 2457 1199 2524 Balbi

237 2542 373 2626 epistola
390 2562 493 2624 pauca
515 2540 613 2604 verba
630 2541 840 2626 intellexerat,
863 2543 904 2605 ad
927 2565 1008 2626 quae
1026 2549 1198 2634 rescripsit

235 2630 286 2696 his
300 2630 420 2696 verbis:
443 2629 500 2714 „de
515 2626 667 2694 Cicerone
685 2633 717 2693 le
736 2629 828 2694 video
844 2630 996 2714 quiddam
1016 2634 1199 2720 scripsisse,

176 2759 184 2770 ,
236 2720 322 2804 quod
345 2741 405 2806 ego
428 2741 496 2784 non
518 2718 674 2799 inbellexi3
697 2722 853 2800 quantum
875 2723 982 2783 aulem
1006 2721 1197 2789 coniectura

235 2807 463 2891 consequebar,
484 2807 517 2871 id
540 2810 610 2870 erat
632 2806 801 2889 eiusmodi,
824 2810 861 2886 ub
883 2807 986 2892 magis
1011 2813 1197 2892 optandum

208 2914 332 2978 squam
356 2895 549 2978 sperandum
571 2893 747 2978 putaremf‘
781 2893 895 2979 Itaque
918 2899 1032 2979 postea
1055 2899 1136 2963 misi
1159 2902 1197 2965 ad

235 2982 405 3048 Gaesarem
423 2982 535 3046 eodem
551 2983 608 3045 illo
623 2983 767 3066 exemplo
785 2982 918 3046 litteras
954 2982 1069 3048 Iocum
1085 2991 1197 3053 aulem

233 3071 320 3136 illius
343 3070 381 3134 de
405 3091 463 3134 sua
486 3073 628 3153 egestate
654 3092 696 3134 ne
724 3071 767 3134 ais
791 3075 993 3154 aspernatus:
1022 3073 1065 3136 ad
1098 3097 1197 3158 quem

234 3178 295 3243 ego
316 3155 465 3241 rescripsi
487 3157 568 3222 nihil
587 3179 665 3241 esse,
687 3158 774 3242 quod
792 3159 928 3243 posthac
947 3181 1039 3224 areae
1058 3167 1195 3229 nostrae

302 3381 354 3452 ap.
375 3389 416 3451 10,
431 3389 455 3436 2.
491 3347 625 3449 futurae.
662 3384 788 3454 namque
808 3385 882 3454 (u).
919 3386 949 3452 f„
967 3401 1082 3456 amque
1095 3390 1194 3462 vulgo.

237 3480 267 3490 —
286 3454 387 3506 extorsi
411 3453 436 3506 ei
457 3467 518 3519 opp.
544 3453 628 3520 (W.)?
664 3455 709 3506 An
731 3471 769 3519 a,
796 3456 868 3522 qaod
891 3455 949 3510 eiua
969 3461 1043 3522 mut,
1065 3462 1195 3526 positum

234 3520 319 3588 (W.)?
355 3527 379 3574 5.
407 3522 470 3574 misi
488 3523 525 3575 ad
545 3521 684 3576 Gaesarem
702 3523 796 3592 vulgo.
833 3541 867 3578 m.
888 3525 935 3594 [ad
954 3525 995 3596 O.]
1014 3526 1057 3596 L..
1076 3529 1110 3583 B.
