2676 3984
395 239 655 295 cplsronnRUM
673 239 706 294 X.
726 247 839 296 ao-ar.
1030 241 1093 306 321

136 386 238 469 ponte
253 382 365 448 effecto
380 384 554 448 exercitum
573 384 785 450 traduxissem
799 407 858 469 pro
873 387 1096 471 magnitudine

136 472 186 538 rei
208 471 405 536 celeritatem
428 473 599 556 adhibent,
626 474 711 557 quod
733 474 871 558 petierat
892 497 950 559 per
972 476 1095 540 litteras

136 561 218 645 ipse,
240 563 278 625 ut
300 564 495 626 maturarem
518 562 635 646 venire,
657 566 787 646 praesto
810 561 890 628 mihi
912 563 976 627 fuit
994 567 1097 628 stator

137 651 207 714 eius
230 669 303 714 oum
325 649 454 734 litteris,
478 650 607 734 quibus,
629 673 670 714 ne
693 651 849 735 sennem,
871 651 1098 736 denuntiabat;

138 759 174 803 se
196 759 292 822 posse
314 759 372 822 per
391 759 424 804 se
443 739 599 805 conficere
617 740 798 824 negotium,
820 741 945 805 interea
967 741 1008 804 ad
1030 739 1096 806 Isa-

136 847 210 892 ram
233 831 459 911 exspectarem.
494 826 649 893 Indicabo
672 829 878 894 temerarium
895 851 1003 894 meum
1022 851 1097 894 con·
1177 871 1180 876 -

138 915 247 980 silium
274 915 348 980 tibi:
379 916 482 982 nihilo
510 917 616 982 minus
644 917 690 980 ire
719 917 882 982 decreram
910 918 1097 984 existimans

138 1025 214 1069 eum
237 1004 360 1068 socium
382 1005 504 1090 gloriae
527 1005 642 1087 vitare,
668 1005 824 1088 putabam
846 1027 940 1090 posse
963 1029 1014 1070 me
1037 1029 1097 1071 nec

139 1093 180 1158 de
203 1092 298 1157 laude
320 1092 420 1158 ieiuni
442 1093 583 1158 hominis
606 1093 747 1158 delibare
770 1094 945 1178 quidquam
969 1098 1001 1159 et
1024 1097 1097 1158 sub-

138 1202 210 1246 esse
233 1185 344 1246 tamen
370 1181 560 1265 propinquis
587 1182 680 1265 locis,
706 1184 757 1265 ut,
785 1183 813 1246 ri
839 1182 949 1246 durius
977 1183 1097 1266 aliquid

139 1273 234 1353 esset,
257 1291 440 1336 succurrere
463 1270 608 1336 celeriter
630 1291 766 1354 possem.
801 1269 880 1356 Ego
903 1292 971 1335 non
993 1273 1097 1338 malus
1116 1291 1132 1339 3

137 1358 238 1424 homo
261 1358 324 1423 hoc
351 1358 550 1443 suspicabar:
578 1363 612 1423 at
634 1357 831 1443 Laterensis,
858 1360 907 1424 vir
935 1360 1097 1425 sanctissi-

138 1468 222 1530 mus,
245 1468 303 1512 ruo
326 1447 543 1533 chirographo
566 1448 667 1512 mittit
689 1447 769 1512 mihi
791 1449 916 1514 litteras
938 1448 974 1513 in
995 1449 1097 1533 iisque

139 1535 314 1619 desperans
343 1535 382 1600 de
409 1557 457 1620 se,
484 1536 523 1601 de
550 1538 704 1621 exercitu,
731 1537 770 1601 de
793 1536 906 1622 Lepidi
933 1537 995 1602 fide
1023 1559 1097 1622 que·

138 1645 278 1708 reusque
302 1645 335 1688 se
358 1624 548 1690 destitutum
572 1621 760 1712 [inquibus]
786 1630 896 1710 aperte
919 1627 1098 1711 denuntiat,

138 1712 280 1796 videam,
311 1734 352 1778 ne
384 1713 492 1797 fallar3
524 1735 616 1780 suam
642 1715 739 1779 fidem
767 1715 905 1780 solutam
937 1737 1021 1799 esse,
1051 1718 1098 1781 rei

138 1802 288 1887 publicae
305 1822 347 1866 ne
366 1801 476 1868 desim.
511 1801 686 1887 Exemplar
704 1803 772 1867 eius
790 1803 998 1888 chirographi
1012 1804 1097 1869 Titio

139 1891 228 1956 misi:
259 1891 331 1974 ipsa
362 1891 578 1976 chirographa
610 1892 732 1975 omnia,
763 1895 796 1956 et
825 1892 941 1976 quibus
970 1892 1098 1976 credidi,

139 1983 175 2044 et
197 2000 247 2063 ea,
275 1979 391 2063 quibus
417 1980 514 2046 fidem
541 2001 609 2045 non
630 1979 814 2045 habendam
842 1980 968 2064 putavi,
990 1979 1097 2046 Laevo

138 2065 251 2151 Cispio
278 2067 362 2133 dabo
390 2068 593 2154 perferenda,
626 2069 681 2152 qui
708 2068 858 2133 omnibus
884 2069 924 2132 iis
951 2069 1099 2133 interfuit

138 2157 247 2222 rebus.
291 2155 438 2224 Accessit
459 2180 512 2240 eo,
534 2161 572 2222 ut
594 2157 712 2222 milites
736 2157 813 2240 eius,
836 2177 935 2240 quum
957 2155 1098 2241 Lepidus
1117 2177 1133 2224 4

139 2245 400 2331 concionaretur,
426 2246 566 2331 improbi
592 2267 650 2329 per
676 2267 724 2330 se,
751 2245 894 2329 corrupti
921 2246 1018 2312 etiam
1040 2267 1099 2329 per

139 2355 207 2418 eos,
230 2335 284 2420 qui
306 2340 470 2420 praesunt,
493 2333 645 2400 Canidios
662 2334 888 2418 Rufrenosque
911 2337 945 2398 et
967 2338 1098 2418 ceteros,

140 2444 238 2508 quos,
269 2445 369 2508 quum
395 2445 476 2509 opus
505 2424 579 2507 erit,
610 2424 731 2509 scietis,
759 2424 1011 2506 conclamarent,
1037 2424 1098 2488 viri

138 2511 230 2595 boni,
251 2534 363 2595 paoem
387 2535 421 2578 se
443 2513 525 2578 velle
543 2534 647 2597 neque
665 2534 735 2578 esse
753 2534 827 2584 cum
844 2513 918 2578 ullis
937 2516 1097 2597 pugnatu-

139 2621 196 2665 ros
215 2599 340 2666 duobus
362 2601 427 2667 iam
439 2601 631 2688 ¹consulibus
650 2601 868 2687 singularibus
891 2601 1026 2685 amissis,
1048 2605 1099 2665 tot

140 2689 265 2754 civibus
292 2711 351 2773 pro
379 2690 485 2774 patria
512 2689 638 2774 occisis,
665 2689 813 2756 hostibus
836 2688 973 2773 denique
996 2690 1097 2754 omni·

138 2776 203 2841 bus
234 2777 383 2842 iudicatis
414 2779 572 2863 bonisque
603 2778 788 2863 publicatis,
819 2797 923 2861 neque
949 2776 1013 2844 hoc
1042 2782 1099 2842 aut

139 2864 323 2930 vindicarat
344 2865 485 2950 Lepidus
509 2870 566 2931 aut
588 2869 728 2931 sanarat.
764 2864 837 2929 Hue
859 2886 911 2930 me
934 2866 1042 2929 venire
1066 2869 1132 2932 eto

140 2953 268 3018 duobus
283 2955 474 3020 exercitibus
489 2955 669 3020 coniunctis
684 2954 821 3019 obiicere
835 2954 1009 3018 exercitum
1022 2953 1098 3018 fide·

139 3041 309 3127 lissimum,
331 3044 450 3108 auxilia
468 3043 616 3128 maxima,
637 3043 798 3128 principes
816 3040 948 3125 Galliae,
969 3043 1097 3124 provin·

140 3131 225 3195 ciam
244 3136 393 3197 cunctam
411 3154 554 3198 summae
573 3131 753 3198 dementiae
770 3133 803 3196 et
820 3130 1010 3195 temeritatis
1029 3151 1098 3193 esse

213 3305 265 3376 Ep.
284 3312 327 3370 21,
342 3313 366 3360 3.
403 3306 540 3377 initaque
558 3307 634 3374 (W.).
673 3306 788 3375 miteque
804 3303 864 3358 Ml.
905 3303 1021 3372 meisque
1037 3301 1097 3356 Ma.

139 3379 173 3432 in
191 3378 280 3446 arsque
303 3378 386 3445 Mam,
404 3377 435 3430 Β.
459 3407 493 3417 -
517 3378 581 3432 dest.
606 3377 649 3448 [iu
666 3375 787 3499 quibusl,
800 3378 892 3444 operte
909 3373 985 3442 (W.).
1026 3374 1051 3428 d.
1071 3391 1097 3428 a.

139 3448 225 3514 Man,
244 3447 275 3500 Β.
296 3479 329 3487 -
348 3448 490 3516 atquibus
508 3448 586 3572 (idq,¹
616 3453 642 3502 et
659 3464 704 3514 ea,
722 3464 745 3516 q.
790 3486 805 3514 .,
825 3445 855 3499 B.
896 3450 921 3498 4.
950 3443 1098 3499 conclama·

138 3523 202 3574 scut
221 3517 295 3588 (W.).
333 3521 539 3574 conclamarunt
588 3561 594 3572 .
631 3518 827 3574 contemserint
840 3516 935 3587 vulgo.
953 3545 987 3556 -
1006 3516 1098 3582 conca,

137 3591 198 3645 oiri
216 3589 289 3656 boui,
303 3607 334 3659 p.
354 3590 429 3658 (W).
465 3606 487 3645 a
506 3606 531 3646 u.
550 3589 574 3646 b.
589 3606 620 3660 p.
639 3589 732 3659 vulgo.

195 3677 309 3720 ciceronis
322 3679 386 3728 epist
399 3679 419 3720 1.
852 3681 883 3728 21
1049 3659 1071 3700 ⁰
