2644 3988
233 199 297 262 328
515 197 552 252 M.
572 197 696 254 TULLII
714 197 905 254 CICERONIS

233 343 403 409 oblivIscar
425 343 564 408 maxima
587 364 624 406 ac
647 343 786 426 plurima
808 364 860 407 me
887 343 948 408 tibi
971 343 1097 409 debere.
1141 343 1192 410 De

231 431 282 496 his
314 431 409 496 rebus
441 434 479 496 ut
510 432 652 516 exigeret
683 452 756 495 eum
788 453 840 515 eo,
871 430 993 497 Furnio
1025 432 1193 498 mandavi:

232 520 317 604 quod
341 520 376 604 si,
400 523 555 604 quantam
579 520 688 604 debeo,
710 520 854 585 habuero
878 521 964 604 apud
985 543 1059 586 eum
1083 525 1192 587 aueto-

197 621 212 670 8
231 610 373 693 ritatem,
396 609 571 693 plurimum
596 609 703 692 ipsum
725 609 845 674 iuvero.
889 608 959 675 Nos
982 610 1108 674 Interea
1136 610 1193 675 du-

231 697 314 763 riore
333 697 521 764 condicione
539 698 660 762 bellum
679 697 883 781 sustinemus,
906 699 991 782 quod
1010 719 1116 783 neque
1140 721 1194 763 ex-

230 786 464 870 peditissimam
494 786 732 851 dimicationem
763 789 915 870 putamus
943 808 1048 872 neque
1080 790 1195 852 tamen

231 874 421 960 refugIendo
449 874 649 940 commissuri
672 896 796 958 sumus,
823 879 861 940 ut
887 875 991 940 maius
1019 875 1194 940 detrimen-

231 966 302 1027 tum
324 984 375 1028 res
397 964 527 1048 publiea
550 964 693 1048 accipere
715 964 827 1048 possit.
865 962 958 1040 Quod
982 964 1009 1028 si
1033 967 1090 1029 aut
1113 962 1194 1030 Cae-

232 1073 286 1116 sar
317 1073 351 1116 se
378 1053 554 1136 respexerit
586 1055 643 1116 aut
669 1050 843 1116 Africanae
869 1053 1014 1138 legiones
1046 1053 1195 1118 celeriter

231 1141 389 1225 venerint,
412 1162 540 1207 securos
564 1163 621 1207 vos
645 1141 685 1204 ab
708 1141 770 1205 hae
792 1143 885 1226 parte
907 1141 1086 1206 reddemus.
1132 1139 1195 1226 Tu,

231 1233 268 1294 ut
290 1230 468 1313 instituisti,
491 1252 542 1295 me
565 1229 681 1314 diligas
700 1249 781 1314 rogo
799 1230 990 1314 proprieque
1008 1232 1103 1294 tuum
1122 1252 1195 1295 esse

231 1318 291 1382 tibi
314 1319 516 1403 persuadeas.
561 1341 590 1384 v.
613 1317 685 1382 Kal.
709 1316 793 1382 Sext.
817 1339 856 1382 ex
878 1319 1001 1384 castris.

656 1511 760 1577 XXV.

324 1620 381 1678 Sor.
403 1623 508 1679 Romae
526 1640 620 1679 mense
638 1625 713 1680 Maio
733 1626 811 1692 (ante
829 1625 881 1694 Id.)
900 1641 925 1680 a.
944 1643 971 1680 u.
990 1642 1014 1681 c.
1034 1631 1093 1680 711.

511 1747 639 1804 CICERO
660 1749 687 1804 S.
706 1749 739 1804 D.
758 1747 905 1804 FURNIO.

198 1863 212 1912 1
299 1847 333 1914 si
365 1849 513 1933 interest,
543 1849 577 1913 id
609 1850 695 1933 quod
724 1849 871 1915 homines
899 1848 1111 1933 arbItrantur,
1143 1851 1194 1915 rei

231 1939 378 2022 publicae
401 1943 443 2023 te,
465 1942 502 2003 ut
523 1938 694 2002 instituisti
717 1941 813 2022 atque
835 1937 950 2021 fecisti,
972 1957 1092 2001 navare
1115 1959 1193 2022 ope·

230 2049 300 2092 ram
322 2028 481 2112 rebusque
505 2027 661 2111 maximis,
684 2047 766 2110 quae
785 2026 826 2091 ad
844 2025 1095 2111 exstinguendas
1117 2027 1193 2091 reli-

232 2117 323 2199 quias
354 2117 431 2181 belli
462 2117 640 2201 pertinent,
671 2115 840 2198 interesse,
871 2114 953 2178 nihil
979 2114 1096 2178 videris
1124 2137 1192 2180 me

231 2205 292 2270 lius
315 2225 419 2289 neque
437 2205 631 2270 laudabilius
653 2225 757 2287 neque
775 2203 944 2268 honestius
966 2203 1072 2268 facere
1094 2224 1193 2288 posse

230 2295 389 2378 istamque
414 2315 545 2378 operam
566 2290 666 2377 tuam,
687 2293 874 2376 navitatem,
897 2292 1040 2356 animum
1062 2291 1098 2355 in
1120 2314 1192 2356 rem

230 2383 394 2465 publicam
421 2383 578 2447 celeritati
604 2384 773 2465 praeturae
806 2380 1034 2465 anteponenda
1061 2401 1192 2464 cense03

231 2470 308 2535 nolo
327 2471 414 2534 enim
436 2473 468 2534 te
490 2470 651 2555 ignorare,
673 2472 829 2554 quantam
846 2469 974 2534 laudem
995 2473 1191 2534 consecutus

232 2559 290 2640 sis,
324 2558 404 2622 mihi
435 2558 542 2642 crede,
577 2558 755 2643 proximam
787 2557 924 2641 Planco,
959 2555 1055 2640 idque
1086 2557 1194 2642 ipsius

230 2635 344 2710 Planci
363 2646 559 2731 testimonio,
580 2650 747 2731 praetcrea
768 2646 857 2710 fama
875 2646 1100 2730 sententiaque
1123 2668 1190 2711 om-

197 2735 331 2798 eninm.
375 2734 591 2812 Quamobrem
619 2736 647 2800 si
670 2735 746 2819 quid
769 2735 875 2819 operia
898 2734 958 2799 tibi
981 2735 1079 2798 etiam
1102 2755 1191 2799 nune

231 2825 341 2906 restat,
359 2823 392 2887 id
409 2825 549 2890 maximo
569 2845 665 2908 opere
684 2844 798 2888 censeo
817 2822 1089 2908 persequendum
1112 2823 1189 2907 quid

231 2910 319 2975 enim
345 2911 513 2977 honestius
546 2916 603 2977 aut
630 2911 706 2997 quid
737 2911 875 2978 honesto
904 2911 1189 2995 anteponendum?

232 2999 283 3065 sin
307 3003 415 3065 autem
437 3000 639 3065 satisfactum
665 3001 712 3064 rei
739 3000 886 3085 publicae
913 3003 1022 3084 putas,
1045 2999 1189 3065 celeriter

232 3089 273 3153 ad
301 3089 445 3172 comitia,
474 3089 628 3172 quoniam
654 3093 779 3153 mature
806 3089 917 3153 futura
944 3091 1033 3178 sunt,
1060 3088 1187 3153 venien-

233 3177 308 3241 dum
340 3198 469 3262 censeo,
501 3176 578 3242 dum
608 3178 705 3243 modo
735 3199 776 3242 nc
804 3177 881 3261 quid
908 3177 988 3241 haec
1018 3176 1188 3242 ambItiosa

303 3403 354 3474 Ep.
375 3410 417 3470 25,
433 3411 456 3459 1.
493 3403 684 3472 anteponenda
702 3404 761 3472 (3.).
808 3404 1026 3474 anteponendum
1049 3403 1121 3472 (edd.
1141 3404 1189 3459 ali-

233 3475 331 3541 quot?
377 3475 594 3543 anteponendam
620 3473 786 3544 n.‚vu1g0.
814 3504 847 3514 -
876 3475 1060 3544 sententiaque
1086 3475 1189 3544 (blant

231 3544 323 3597 edent.
343 3545 389 3611 M,
407 3546 501 3615 vulgo.
