2556 3986
282 201 541 259 EPISTOLARUM
555 203 605 258 ΑΙ)
620 202 653 269 Q.
667 203 842 260 FRATREM
855 205 876 259 l.
891 211 916 260 2.
1013 206 1077 270 579

122 366 200 412 sene
223 351 322 432 esset,
349 347 435 431 quod
462 368 523 414 nos
545 349 733 432 poeniteret
777 347 823 414 Mt
848 348 1000 416 mediocri
1027 371 1078 416 me

122 434 232 500 dolore
252 439 348 519 putes
371 435 466 519 efflei,
488 457 586 520 quum
609 437 746 520 audiam,
769 458 833 521 que
855 438 898 502 sit
919 437 1077 504 existime-

121 520 270 589 tioneO.
292 521 470 608 Vergilius,
497 545 561 608 qus
587 527 663 590 tuus
690 525 814 590 vicinus
843 523 1078 592 deuterius?

115 629 212 696 nem,
243 611 271 676 si
302 615 335 676 te
366 611 573 677 interioribus
604 613 718 678 vicinis
740 614 819 697 tuis,
851 611 1013 680 Ciliciensi
1045 619 1078 680 et

123 696 263 782 Syrisce,
286 700 466 784 enteponis,
488 700 582 766 valde
602 703 714 786 magni
735 702 829 767 facis!
853 703 980 788 utque
971 724 999 768 ιι
1023 702 1077 768 do

121 787 172 852 lor
190 790 247 870 est,
270 787 366 871 quod,
383 808 481 872 quum
498 789 531 872 ii,
549 809 629 872 quos
647 790 821 873 nominari,
838 793 871 855 ιι
891 791 1077 858 ιιιοοιιιιιι

122 895 190 940 non
211 875 357 959 vineunt,
386 877 521 940 vineunt
542 880 652 941 temen
675 877 809 943 artifieio
832 878 1076 944 benevolentiee

122 963 335 1048 colligendae,
361 964 416 1047 qui
445 985 549 1047 neque
571 958 691 1048 Cyrum
717 964 946 1050 Xenophontis
964 987 1076 1068 neque

121 1050 311 1136 Agesilaum
335 1051 494 1135 noverint,
520 1072 656 1136 qnorum
675 1073 787 1139 regum
810 1073 936 1120 summo
960 1055 996 1119 in
1018 1055 1076 1119 im·

121 1139 210 1224 perio
229 1161 324 1205 nemo
342 1161 507 1225 umquam
512 1141 646 1206 verbum
664 1142 765 1206 ullum
784 1143 928 1244 asperius
945 1141 1076 1208 audivit.

189 1225 260 1313 sed,
281 1228 362 1294 hese
382 1249 405 1292 ι
424 1229 583 1314 prinoipio
605 1229 666 1293 tibi
691 1230 892 1314 praecipiens
918 1227 1110 1333 (ιιιιιι-ιιιι3

121 1316 325 1400 profecerim,
346 1337 414 1382 non
440 1318 569 1403 ignoro:
597 1337 683 1383 nune
709 1321 818 1383 temen
846 1317 1015 1403 desedere,
1041 1293 1110 1383 id⁸

122 1404 208 1488 quod
221 1404 324 1470 mibi
315 1425 380 1470 rem
392 1404 498 1472 lucere
517 1405 643 1491 videris,
661 1406 815 1490 relinque,
833 1427 962 1492 queeso,
979 1427 1076 1491 quern

121 1493 384 1558 ineundissimem
411 1495 598 1559 memoriam
624 1495 682 1560 ιιι.
727 1493 948 1561 Sueoessorem
974 1495 1075 1560 habes

121 1582 346 1664 perblandum
374 1587 480 1647 oetera
500 1582 594 1648 valde
615 1583 701 1649 illius
725 1583 865 1650 adventu
892 1588 950 1649 tue
972 1584 1075 1668 requi·

121 1672 241 1734 rentur.
275 1668 317 1733 In
338 1669 454 1734 litteris
476 1670 650 1752 mittendis,
671 1677 708 1736 ot
725 1692 819 1756 saepe
843 1671 883 1736 ed
901 1674 934 1736 te
954 1671 1076 1756 scripsi,

121 1755 257 1820 nimium
278 1759 311 1819 te
340 1756 532 1822 exorabilem
558 1758 747 1841 praebuisti.
778 1758 857 1824 tolle
891 1779 1016 1841 omnes,
1048 1760 1076 1824 si

121 1843 378 1928 potee,1niquas,
395 1844 473 1908 tolle
491 1845 671 1928 inusitatus,
688 1845 767 1910 tolle
781 1847 968 1912 contrarias.
1004 1843 1075 1911 Ste-

120 1932 186 1997 tius
209 1930 290 1996 mihi
316 1932 459 1996 narravit
487 1932 623 2016 seriptes
646 1931 686 1996 ad
708 1936 741 1997 te
765 1934 866 1999 solere
890 1933 1011 2018 afferri,
1034 1935 1075 1998 ab

121 2041 155 2085 se
178 2020 243 2105 legi
266 2023 307 2103 et,
330 2020 357 2084 si
374 2019 509 2121 'iniquae
532 2022 649 2104 essent,
670 2020 740 2086 lieri
762 2026 795 2085 te
816 2021 996 2106 certiorem,
1019 2043 1075 2086 an·

121 2111 251 2191 tequam
273 2127 349 2173 vero
371 2108 439 2192 ipse
462 2107 503 2172 ed
525 2111 559 2173 te
586 2109 739 2193 venisset,
765 2110 890 2174 nullum
918 2069 1075 2175 deledtum

121 2197 302 2261 litterarum
327 2195 440 2280 fuisse3
468 2217 506 2260 ex
533 2217 571 2262 eo
599 2217 668 2262 esse
695 2197 861 2262 volumina
887 2198 1075 2263 selectarum

122 2284 339 2369 epistolarum,
361 2304 443 2368 quae
464 2284 656 2370 reprehendi
678 2286 827 2350 solerent.
862 2284 935 2350 Hoe
957 2285 996 2351 de
1020 2306 1072 2371 ge·
1088 2303 1101 2344 e

120 2393 196 2437 nere
219 2371 301 2437 nibil
324 2376 356 2437 te
378 2393 466 2438 nune
488 2373 616 2457 quidem
634 2394 806 2439 moneo-
823 2393 893 2439 sero
917 2377 967 2439 est
989 2374 1075 2438 enim

120 2495 162 2508 -
178 2482 216 2526 ee
238 2461 318 2526 seire
340 2464 433 2545 potes
455 2463 559 2528 multe
579 2463 736 2527 mereris
757 2462 989 2547 diligenterque
1007 2483 1075 2528 mo·

119 2549 242 2614 nuisse:
277 2549 357 2614 illud
388 2553 510 2633 tamen,
547 2549 632 2635 quod
669 2549 878 2636 Theopompo
914 2549 1075 2634 mandavi,

121 2657 220 2720 quum
242 2657 345 2702 essem
367 2637 550 2703 admonitus
573 2639 614 2702 ab
637 2639 718 2723 ipso,
740 2638 826 2722 vide,
847 2659 906 2722 per
927 2638 1074 2703 homines

120 2729 266 2790 ementes
292 2726 354 2810 tui,
386 2725 471 2809 quod
499 2730 549 2790 est
573 2726 681 2810 feeile,
708 2729 746 2790 ut
771 2726 851 2790 hsea
874 2745 993 2811 genere
1014 2727 1074 2792 tol·

119 2813 229 2877 lentur
251 2813 469 2896 epistolarum,
491 2814 631 2898 primum
648 2813 840 2898 iniquarum,
863 2813 977 2879 deinde
1000 2833 1074 2878 eon·

118 2901 306 2984 trariarum,
341 2905 411 2966 tum
448 2901 584 2966 absurde
621 2903 655 2965 et
684 2903 838 2967 inusitate
875 2903 1074 2986 scriptarum,

118 2992 281 3073 postremo
304 2989 340 3054 in
363 2989 501 3074 aliquem
524 2990 836 3057 contumelioserum.
881 2989 989 3075 Atque
1012 3009 1073 3074 ego
1096 3023 1102 3039 =

117 3078 199 3142 haee
220 3081 288 3142 tem
311 3098 390 3162 ιιιι,
413 3099 509 3162 quem
532 3078 642 3162 sudio,
666 3099 735 3144 non
755 3080 850 3162 puto,
873 3080 919 3162 et,
948 3077 1075 3142 ιιιιιιι

187 3251 289 3322 Ερ.,2
310 3258 332 3306 7.
365 3253 521 3321 poeniteret.
558 3252 613 3309 seo
637 3253 784 3323 (W.-·)?
813 3253 897 3308 audio
915 3250 1073 3320 (arnas-

117 3321 148 3378 0.
173 3321 311 3392 Verpe'liuo
328 3320 404 3392 (Or.)
446 3322 523 3393 Verp.
542 3323 579 3377 M.
583 3324 751 3394 ,vulgo-
768 3324 863 3393 saepae·
879 3322 950 3389 foere
966 3321 1070 3390 (RW.).

115 3394 270 3462 enopoificss
287 3393 325 3448 M
361 3407 489 3476 receperam
501 3394 615 3462 footel,
617 3395 776 3477 vulgo.-
743 3409 898 3449 -eummo
916 3395 947 3448 in
960 3392 1073 3461 imperio

116 3463 178 3531 (L).
214 3465 289 3520 An
275 3479 351 3520 aas
369 3466 389 3519 ι’
412 3463 525 3533 (Crat.)?
569 3465 675 3535 simp.
694 3463 758 3520 ΜΒ.
803 3469 827 3520 8.
854 3479 967 3534 eorqooe
989 3467 1074 3520 essent

116 3533 192 3605 (W).
229 3537 248 3589 ι’
267 3536 323 3592 aiot
341 3534 387 3604 M,
406 3533 501 3604 vulgo.

805 3627 859 3678 37*
