<?xml version="1.0" encoding="UTF-8"?>
<!DOCTYPE html PUBLIC "-//W3C//DTD XHTML 1.0 Transitional//EN"
    "http://www.w3.org/TR/xhtml1/DTD/xhtml1-transitional.dtd">
<html xmlns="http://www.w3.org/1999/xhtml" xml:lang="en" lang="en">
 <head>
  <title>
</title>
<meta http-equiv="Content-Type" content="text/html;charset=utf-8" />
  <meta name='ocr-system' content='tesseract 3.04.00' />
  <meta name='ocr-capabilities' content='ocr_page ocr_carea ocr_par ocr_line ocrx_word'/>
</head>
<body>
  <div class='ocr_page' id='page_1' title='image "./epistolae00wesegoog_0114.png"; bbox 0 0 2610 3980; ppageno 0'>
   <div class='ocr_carea' id='block_1_1' title="bbox 270 244 940 322">
    <p class='ocr_par' dir='ltr' id='par_1_1' title="bbox 270 244 940 322">
     <span class='ocr_line' id='line_1_1' title="bbox 270 244 940 322; baseline -0.022 -7"><span class='ocrx_word' id='word_1_1' title='bbox 270 250 333 315; x_wconf 77' lang='grc'><strong>102</strong></span> <span class='ocrx_word' id='word_1_2' title='bbox 499 317 502 322; x_wconf 28' lang='grc' dir='ltr'>Ι</span> <span class='ocrx_word' id='word_1_3' title='bbox 550 248 587 301; x_wconf 89' lang='lat' dir='ltr'><strong>M.</strong></span> <span class='ocrx_word' id='word_1_4' title='bbox 607 245 732 302; x_wconf 79' lang='lat' dir='ltr'>TULLII</span> <span class='ocrx_word' id='word_1_5' title='bbox 749 244 940 301; x_wconf 81' lang='lat' dir='ltr'>CICERONIS</span> 
     </span>
    </p>
   </div>
   <div class='ocr_carea' id='block_1_2' title="bbox 267 389 1287 818">
    <p class='ocr_par' dir='ltr' id='par_1_2' title="bbox 267 389 1287 818">
     <span class='ocr_line' id='line_1_2' title="bbox 268 389 1287 474; baseline -0.006 -13"><span class='ocrx_word' id='word_1_6' title='bbox 268 418 307 462; x_wconf 88' lang='lat' dir='ltr'><strong>ex</strong></span> <span class='ocrx_word' id='word_1_7' title='bbox 325 394 475 460; x_wconf 89' lang='lat' dir='ltr'><strong>omnibus</strong></span> <span class='ocrx_word' id='word_1_8' title='bbox 494 393 667 458; x_wconf 86' lang='lat' dir='ltr'><strong>virtutibus</strong></span> <span class='ocrx_word' id='word_1_9' title='bbox 684 391 766 456; x_wconf 89' lang='lat' dir='ltr'><strong>haec</strong></span> <span class='ocrx_word' id='word_1_10' title='bbox 783 413 849 457; x_wconf 90' lang='lat' dir='ltr'><strong>una</strong></span> <span class='ocrx_word' id='word_1_11' title='bbox 867 391 927 455; x_wconf 87' lang='lat' dir='ltr'><strong>tibi</strong></span> <span class='ocrx_word' id='word_1_12' title='bbox 940 389 1088 456; x_wconf 87' lang='lat' dir='ltr'><strong>videatur</strong></span> <span class='ocrx_word' id='word_1_13' title='bbox 1106 391 1221 456; x_wconf 83' lang='lat' dir='ltr'><strong>deesse.</strong></span> <span class='ocrx_word' id='word_1_14' title='bbox 1286 407 1287 474; x_wconf 62' lang='grc' dir='ltr'>ξ</span> 
     </span>
     <span class='ocr_line' id='line_1_3' title="bbox 268 479 1287 566; baseline -0.002 -16"><span class='ocrx_word' id='word_1_15' title='bbox 268 484 361 561; x_wconf 84' lang='lat' dir='ltr'><strong>Quod</strong></span> <span class='ocrx_word' id='word_1_16' title='bbox 384 482 425 548; x_wconf 89' lang='lat' dir='ltr'><strong>ad</strong></span> <span class='ocrx_word' id='word_1_17' title='bbox 447 503 498 548; x_wconf 89' lang='lat' dir='ltr'><strong>me</strong></span> <span class='ocrx_word' id='word_1_18' title='bbox 521 482 639 547; x_wconf 90' lang='lat' dir='ltr'><strong>attinet</strong></span> <span class='ocrx_word' id='word_1_19' title='bbox 638 502 769 566; x_wconf 92' lang='lat' dir='ltr'><strong>,quum</strong></span> <span class='ocrx_word' id='word_1_20' title='bbox 786 483 819 545; x_wconf 87' lang='lat' dir='ltr'><strong>te</strong></span> <span class='ocrx_word' id='word_1_21' title='bbox 836 479 1094 565; x_wconf 73' lang='lat' dir='ltr'><strong>tranquilliorem</strong></span> <span class='ocrx_word' id='word_1_22' title='bbox 1116 481 1221 545; x_wconf 86' lang='lat' dir='ltr'><strong>animo</strong></span> <span class='ocrx_word' id='word_1_23' title='bbox 1286 499 1287 548; x_wconf 83' lang='lat'>1</span> 
     </span>
     <span class='ocr_line' id='line_1_4' title="bbox 268 565 1287 659; baseline -0.005 -21"><span class='ocrx_word' id='word_1_24' title='bbox 268 595 338 638; x_wconf 89' lang='lat' dir='ltr'><strong>esse</strong></span> <span class='ocrx_word' id='word_1_25' title='bbox 370 592 526 659; x_wconf 77' lang='lat' dir='ltr'><strong>cognoro,</strong></span> <span class='ocrx_word' id='word_1_26' title='bbox 563 569 642 636; x_wconf 88' lang='lat' dir='ltr'><strong>dc</strong></span> <span class='ocrx_word' id='word_1_27' title='bbox 633 569 673 636; x_wconf 87' lang='lat' dir='ltr'><strong>ris</strong></span> <span class='ocrx_word' id='word_1_28' title='bbox 704 569 816 654; x_wconf 92' lang='lat' dir='ltr'><strong>rebus,</strong></span> <span class='ocrx_word' id='word_1_29' title='bbox 853 591 934 655; x_wconf 88' lang='lat' dir='ltr'><strong>quae</strong></span> <span class='ocrx_word' id='word_1_30' title='bbox 970 568 1024 634; x_wconf 90' lang='lat' dir='ltr'><strong>hic</strong></span> <span class='ocrx_word' id='word_1_31' title='bbox 1061 571 1222 655; x_wconf 82' lang='lat' dir='ltr'><strong>geruntur,</strong></span> <span class='ocrx_word' id='word_1_32' title='bbox 1286 565 1287 652; x_wconf 63' lang='lat' dir='ltr'>s</span> 
     </span>
     <span class='ocr_line' id='line_1_5' title="bbox 269 657 1287 747; baseline -0.003 -20"><span class='ocrx_word' id='word_1_33' title='bbox 269 661 600 747; x_wconf 83' lang='lat' dir='ltr'><strong>quemadmodumque</strong></span> <span class='ocrx_word' id='word_1_34' title='bbox 629 680 664 725; x_wconf 93' lang='lat' dir='ltr'><strong>se</strong></span> <span class='ocrx_word' id='word_1_35' title='bbox 694 657 861 744; x_wconf 82' lang='lat' dir='ltr'><strong>provincia</strong></span> <span class='ocrx_word' id='word_1_36' title='bbox 892 657 1025 743; x_wconf 85' lang='lat' dir='ltr'><strong>habeat,</strong></span> <span class='ocrx_word' id='word_1_37' title='bbox 1057 657 1224 724; x_wconf 75' lang='lat' dir='ltr'><strong>certiorem</strong></span> <span class='ocrx_word' id='word_1_38' title='bbox 1286 659 1287 724; x_wconf 71' lang='grc' dir='ltr'>ξ</span> 
     </span>
     <span class='ocr_line' id='line_1_6' title="bbox 267 748 1287 818; baseline -0.006 -3"><span class='ocrx_word' id='word_1_39' title='bbox 267 751 394 818; x_wconf 87' lang='lat' dir='ltr'><strong>faciam.</strong></span> <span class='ocrx_word' id='word_1_40' title='bbox 439 748 530 816; x_wconf 86' lang='lat' dir='ltr'><strong>Vale.</strong></span> <span class='ocrx_word' id='word_1_41' title='bbox 1286 775 1287 788; x_wconf 46' lang='grc' dir='ltr'><strong>ι</strong></span> 
     </span>
    </p>
   </div>
   <div class='ocr_carea' id='block_1_3' title="bbox 427 940 1061 1126">
    <p class='ocr_par' dir='ltr' id='par_1_3' title="bbox 427 940 1061 1126">
     <span class='ocr_line' id='line_1_7' title="bbox 717 940 1021 1010; baseline 0.007 -2"><span class='ocrx_word' id='word_1_42' title='bbox 717 940 775 1008; x_wconf 87' lang='lat' dir='ltr'><strong>VI.</strong></span> <span class='ocrx_word' id='word_1_43' title='bbox 876 987 878 992; x_wconf 92' lang='lat'>-</span> <span class='ocrx_word' id='word_1_44' title='bbox 1019 1003 1021 1010; x_wconf 80' lang='grc'>,</span> 
     </span>
     <span class='ocr_line' id='line_1_8' title="bbox 427 1053 1061 1126; baseline -0.011 -11"><span class='ocrx_word' id='word_1_45' title='bbox 427 1058 486 1115; x_wconf 85' lang='lat' dir='ltr'><strong>Sor.</strong></span> <span class='ocrx_word' id='word_1_46' title='bbox 505 1059 626 1115; x_wconf 77' lang='lat' dir='ltr'><strong>Asturae</strong></span> <span class='ocrx_word' id='word_1_47' title='bbox 643 1071 739 1112; x_wconf 86' lang='lat' dir='ltr'><strong>mense</strong></span> <span class='ocrx_word' id='word_1_48' title='bbox 756 1053 849 1126; x_wconf 84' lang='lat' dir='ltr'><strong>Aprili</strong></span> <span class='ocrx_word' id='word_1_49' title='bbox 867 1069 891 1108; x_wconf 84' lang='lat' dir='ltr'><strong>a.</strong></span> <span class='ocrx_word' id='word_1_50' title='bbox 911 1071 938 1108; x_wconf 90' lang='lat' dir='ltr'><strong>n.</strong></span> <span class='ocrx_word' id='word_1_51' title='bbox 958 1069 981 1108; x_wconf 86' lang='lat' dir='ltr'><strong>c.</strong></span> <span class='ocrx_word' id='word_1_52' title='bbox 1002 1059 1061 1110; x_wconf 76' lang='grc'><strong>709.</strong></span> 
     </span>
    </p>
   </div>
   <div class='ocr_carea' id='block_1_4' title="bbox 468 1178 1021 1241">
    <p class='ocr_par' dir='ltr' id='par_1_4' title="bbox 468 1178 1021 1241">
     <span class='ocr_line' id='line_1_9' title="bbox 468 1178 1021 1241; baseline -0.015 0"><span class='ocrx_word' id='word_1_53' title='bbox 468 1185 504 1240; x_wconf 89' lang='grc' dir='ltr'><strong>Μ.</strong></span> <span class='ocrx_word' id='word_1_54' title='bbox 520 1185 555 1241; x_wconf 82' lang='grc' dir='ltr'>Ο</span> <span class='ocrx_word' id='word_1_55' title='bbox 542 1183 650 1240; x_wconf 81' lang='lat' dir='ltr'>CERO</span> <span class='ocrx_word' id='word_1_56' title='bbox 666 1183 693 1239; x_wconf 82' lang='lat' dir='ltr'>S</span> <span class='ocrx_word' id='word_1_57' title='bbox 708 1183 741 1238; x_wconf 91' lang='lat' dir='ltr'><strong>D</strong></span> <span class='ocrx_word' id='word_1_58' title='bbox 757 1179 833 1238; x_wconf 82' lang='lat' dir='ltr'><strong>SER.</strong></span> <span class='ocrx_word' id='word_1_59' title='bbox 849 1178 1021 1235; x_wconf 82' lang='lat' dir='ltr'>SULPICIO.</span> 
     </span>
    </p>
   </div>
   <div class='ocr_carea' id='block_1_5' title="bbox 228 1280 1287 3323">
    <p class='ocr_par' dir='ltr' id='par_1_5' title="bbox 235 1280 1287 1816">
     <span class='ocr_line' id='line_1_10' title="bbox 235 1280 1287 1386; baseline 0.001 -41"><span class='ocrx_word' id='word_1_60' title='bbox 235 1296 249 1345; x_wconf 93' lang='lat'>1</span> <span class='ocrx_word' id='word_1_61' title='bbox 335 1284 407 1386; x_wconf 80' lang='lat' dir='ltr'><strong>llgo</strong></span> <span class='ocrx_word' id='word_1_62' title='bbox 431 1299 516 1370; x_wconf 83' lang='lat' dir='ltr'><strong>vero,</strong></span> <span class='ocrx_word' id='word_1_63' title='bbox 539 1283 638 1369; x_wconf 81' lang='lat' dir='ltr'><strong>Servi,</strong></span> <span class='ocrx_word' id='word_1_64' title='bbox 660 1284 784 1367; x_wconf 81' lang='lat' dir='ltr'><strong>uellem,</strong></span> <span class='ocrx_word' id='word_1_65' title='bbox 806 1285 845 1347; x_wconf 89' lang='lat' dir='ltr'><strong>ut</strong></span> <span class='ocrx_word' id='word_1_66' title='bbox 862 1280 1016 1365; x_wconf 91' lang='lat' dir='ltr'><strong>scribis,</strong></span> <span class='ocrx_word' id='word_1_67' title='bbox 1006 1304 1042 1347; x_wconf 90' lang='lat' dir='ltr'><strong>m</strong></span> <span class='ocrx_word' id='word_1_68' title='bbox 1060 1303 1132 1347; x_wconf 89' lang='lat' dir='ltr'><strong>meo</strong></span> <span class='ocrx_word' id='word_1_69' title='bbox 1156 1303 1227 1367; x_wconf 84' lang='lat' dir='ltr'><strong>gra·</strong></span> <span class='ocrx_word' id='word_1_70' title='bbox 1286 1289 1287 1354; x_wconf 64' lang='grc' dir='ltr'>ξ</span> 
     </span>
     <span class='ocr_line' id='line_1_11' title="bbox 269 1370 1287 1456; baseline -0.003 -18"><span class='ocrx_word' id='word_1_71' title='bbox 269 1373 401 1438; x_wconf 88' lang='lat' dir='ltr'><strong>vissimo</strong></span> <span class='ocrx_word' id='word_1_72' title='bbox 425 1394 502 1440; x_wconf 90' lang='lat' dir='ltr'><strong>casu</strong></span> <span class='ocrx_word' id='word_1_73' title='bbox 526 1373 685 1456; x_wconf 80' lang='lat' dir='ltr'><strong>affuisses3</strong></span> <span class='ocrx_word' id='word_1_74' title='bbox 708 1374 865 1456; x_wconf 87' lang='lat' dir='ltr'><strong>quantum</strong></span> <span class='ocrx_word' id='word_1_75' title='bbox 888 1370 976 1436; x_wconf 90' lang='lat' dir='ltr'><strong>enim</strong></span> <span class='ocrx_word' id='word_1_76' title='bbox 997 1391 1153 1456; x_wconf 85' lang='lat' dir='ltr'><strong>praesens</strong></span> <span class='ocrx_word' id='word_1_77' title='bbox 1176 1390 1227 1435; x_wconf 91' lang='lat' dir='ltr'><strong>me</strong></span> <span class='ocrx_word' id='word_1_78' title='bbox 1286 1373 1287 1386; x_wconf 60' lang='lat'>¹</span> 
     </span>
     <span class='ocr_line' id='line_1_12' title="bbox 270 1459 1229 1546; baseline -0.003 -20"><span class='ocrx_word' id='word_1_79' title='bbox 270 1463 420 1527; x_wconf 81' lang='lat' dir='ltr'><strong>adiuvare</strong></span> <span class='ocrx_word' id='word_1_80' title='bbox 442 1463 586 1546; x_wconf 89' lang='lat' dir='ltr'><strong>potueris</strong></span> <span class='ocrx_word' id='word_1_81' title='bbox 610 1465 643 1527; x_wconf 90' lang='lat' dir='ltr'><strong>et</strong></span> <span class='ocrx_word' id='word_1_82' title='bbox 660 1460 911 1527; x_wconf 89' lang='lat' dir='ltr'><strong>consolando</strong></span> <span class='ocrx_word' id='word_1_83' title='bbox 877 1481 895 1524; x_wconf 92' lang='lat' dir='ltr'><strong>e</strong></span> <span class='ocrx_word' id='word_1_84' title='bbox 928 1481 1029 1544; x_wconf 90' lang='lat' dir='ltr'><strong>prope</strong></span> <span class='ocrx_word' id='word_1_85' title='bbox 1048 1481 1150 1544; x_wconf 90' lang='lat' dir='ltr'><strong>aeque</strong></span> <span class='ocrx_word' id='word_1_86' title='bbox 1174 1459 1229 1523; x_wconf 88' lang='lat' dir='ltr'><strong>do·</strong></span> 
     </span>
     <span class='ocr_line' id='line_1_13' title="bbox 268 1548 1229 1636; baseline -0.005 -21"><span class='ocrx_word' id='word_1_87' title='bbox 268 1551 375 1636; x_wconf 88' lang='lat' dir='ltr'><strong>leudo,</strong></span> <span class='ocrx_word' id='word_1_88' title='bbox 396 1551 491 1616; x_wconf 89' lang='lat' dir='ltr'><strong>facile</strong></span> <span class='ocrx_word' id='word_1_89' title='bbox 515 1573 554 1616; x_wconf 86' lang='lat' dir='ltr'><strong>ex</strong></span> <span class='ocrx_word' id='word_1_90' title='bbox 577 1573 614 1618; x_wconf 90' lang='lat' dir='ltr'><strong>eo</strong></span> <span class='ocrx_word' id='word_1_91' title='bbox 633 1549 791 1636; x_wconf 82' lang='lat' dir='ltr'><strong>intelligo,</strong></span> <span class='ocrx_word' id='word_1_92' title='bbox 814 1549 900 1634; x_wconf 91' lang='lat' dir='ltr'><strong>quod</strong></span> <span class='ocrx_word' id='word_1_93' title='bbox 919 1549 1035 1615; x_wconf 86' lang='lat' dir='ltr'><strong>litteris</strong></span> <span class='ocrx_word' id='word_1_94' title='bbox 1054 1549 1148 1615; x_wconf 86' lang='lat' dir='ltr'><strong>lectis</strong></span> <span class='ocrx_word' id='word_1_95' title='bbox 1172 1548 1229 1612; x_wconf 91' lang='lat' dir='ltr'><strong>ali-</strong></span> 
     </span>
     <span class='ocr_line' id='line_1_14' title="bbox 269 1637 1287 1725; baseline -0.002 -21"><span class='ocrx_word' id='word_1_96' title='bbox 269 1642 427 1723; x_wconf 88' lang='lat' dir='ltr'><strong>quantum</strong></span> <span class='ocrx_word' id='word_1_97' title='bbox 450 1640 603 1725; x_wconf 82' lang='lat' dir='ltr'><strong>acquievi,</strong></span> <span class='ocrx_word' id='word_1_98' title='bbox 624 1661 702 1704; x_wconf 91' lang='lat' dir='ltr'><strong>nam</strong></span> <span class='ocrx_word' id='word_1_99' title='bbox 720 1642 753 1704; x_wconf 89' lang='lat' dir='ltr'><strong>et</strong></span> <span class='ocrx_word' id='word_1_100' title='bbox 770 1661 810 1704; x_wconf 91' lang='lat' dir='ltr'><strong>ea</strong></span> <span class='ocrx_word' id='word_1_101' title='bbox 827 1637 997 1723; x_wconf 88' lang='lat' dir='ltr'><strong>scripsisti,</strong></span> <span class='ocrx_word' id='word_1_102' title='bbox 1018 1660 1100 1723; x_wconf 87' lang='lat' dir='ltr'><strong>quae</strong></span> <span class='ocrx_word' id='word_1_103' title='bbox 1119 1639 1230 1704; x_wconf 82' lang='lat' dir='ltr'><strong>levare</strong></span> <span class='ocrx_word' id='word_1_104' title='bbox 1286 1661 1287 1722; x_wconf 54' lang='grc' dir='ltr'><strong>ι</strong></span> 
     </span>
     <span class='ocr_line' id='line_1_15' title="bbox 268 1726 1287 1816; baseline -0.001 -24"><span class='ocrx_word' id='word_1_105' title='bbox 268 1729 392 1794; x_wconf 86' lang='lat' dir='ltr'><strong>luctum</strong></span> <span class='ocrx_word' id='word_1_106' title='bbox 405 1733 548 1813; x_wconf 75' lang='lat' dir='ltr'><strong>possent,</strong></span> <span class='ocrx_word' id='word_1_107' title='bbox 567 1729 626 1794; x_wconf 85' lang='lat' dir='ltr'><strong>et</strong></span> <span class='ocrx_word' id='word_1_108' title='bbox 616 1750 653 1793; x_wconf 92' lang='grc' dir='ltr'><strong>ιιι</strong></span> <span class='ocrx_word' id='word_1_109' title='bbox 670 1750 721 1794; x_wconf 93' lang='lat' dir='ltr'><strong>me</strong></span> <span class='ocrx_word' id='word_1_110' title='bbox 736 1726 933 1794; x_wconf 89' lang='lat' dir='ltr'><strong>consolando</strong></span> <span class='ocrx_word' id='word_1_111' title='bbox 951 1749 1020 1793; x_wconf 90' lang='lat' dir='ltr'><strong>non</strong></span> <span class='ocrx_word' id='word_1_112' title='bbox 1033 1727 1230 1793; x_wconf 83' lang='lat' dir='ltr'><strong>mediocrem</strong></span> <span class='ocrx_word' id='word_1_113' title='bbox 1286 1807 1287 1816; x_wconf 8' lang='grc' dir='ltr'>ἵ</span> 
     </span>
    </p>

    <p class='ocr_par' dir='ltr' id='par_1_6' title="bbox 228 1813 1287 3323">
     <span class='ocr_line' id='line_1_16' title="bbox 228 1813 1287 1901; baseline -0.001 -20"><span class='ocrx_word' id='word_1_114' title='bbox 228 1813 338 1901; x_wconf 59' lang='lat' dir='ltr'><strong>”ipse</strong></span> <span class='ocrx_word' id='word_1_115' title='bbox 362 1818 462 1883; x_wconf 88' lang='lat' dir='ltr'><strong>animi</strong></span> <span class='ocrx_word' id='word_1_116' title='bbox 485 1818 629 1884; x_wconf 89' lang='lat' dir='ltr'><strong>dolorem</strong></span> <span class='ocrx_word' id='word_1_117' title='bbox 652 1817 840 1883; x_wconf 77' lang='lat' dir='ltr'><strong>adhibuisti:</strong></span> <span class='ocrx_word' id='word_1_118' title='bbox 864 1815 994 1882; x_wconf 78' lang='lat' dir='ltr'><strong>Servius</strong></span> <span class='ocrx_word' id='word_1_119' title='bbox 1016 1819 1127 1882; x_wconf 85' lang='lat' dir='ltr'><strong>tamen</strong></span> <span class='ocrx_word' id='word_1_120' title='bbox 1151 1821 1231 1882; x_wconf 86' lang='lat' dir='ltr'><strong>tuus</strong></span> <span class='ocrx_word' id='word_1_121' title='bbox 1286 1821 1287 1880; x_wconf 74' lang='grc' dir='ltr'>ἲ</span> 
     </span>
     <span class='ocr_line' id='line_1_17' title="bbox 270 1904 1287 1992; baseline -0.001 -22"><span class='ocrx_word' id='word_1_122' title='bbox 270 1906 419 1972; x_wconf 88' lang='lat' dir='ltr'><strong>omnibus</strong></span> <span class='ocrx_word' id='word_1_123' title='bbox 443 1905 568 1992; x_wconf 88' lang='lat' dir='ltr'><strong>officiis,</strong></span> <span class='ocrx_word' id='word_1_124' title='bbox 591 1927 672 1991; x_wconf 89' lang='lat' dir='ltr'><strong>quae</strong></span> <span class='ocrx_word' id='word_1_125' title='bbox 694 1905 743 1970; x_wconf 93' lang='lat' dir='ltr'><strong>illi</strong></span> <span class='ocrx_word' id='word_1_126' title='bbox 760 1906 899 1991; x_wconf 85' lang='lat' dir='ltr'><strong>tempori</strong></span> <span class='ocrx_word' id='word_1_127' title='bbox 921 1904 1020 1970; x_wconf 87' lang='lat' dir='ltr'><strong>tribui</strong></span> <span class='ocrx_word' id='word_1_128' title='bbox 1040 1909 1231 1990; x_wconf 87' lang='lat' dir='ltr'><strong>potuerunt,</strong></span> <span class='ocrx_word' id='word_1_129' title='bbox 1286 1947 1287 1992; x_wconf 55' lang='grc' dir='ltr'><strong>ι</strong></span> 
     </span>
     <span class='ocr_line' id='line_1_18' title="bbox 269 1994 1287 2081; baseline -0.002 -21"><span class='ocrx_word' id='word_1_130' title='bbox 269 1994 445 2060; x_wconf 86' lang='lat' dir='ltr'><strong>declaravit</strong></span> <span class='ocrx_word' id='word_1_131' title='bbox 467 1998 500 2059; x_wconf 91' lang='lat' dir='ltr'><strong>et</strong></span> <span class='ocrx_word' id='word_1_132' title='bbox 522 1995 636 2081; x_wconf 88' lang='lat' dir='ltr'><strong>quanti</strong></span> <span class='ocrx_word' id='word_1_133' title='bbox 657 1995 727 2079; x_wconf 92' lang='lat' dir='ltr'><strong>ipse</strong></span> <span class='ocrx_word' id='word_1_134' title='bbox 745 2016 796 2060; x_wconf 90' lang='lat' dir='ltr'><strong>me</strong></span> <span class='ocrx_word' id='word_1_135' title='bbox 815 1995 937 2060; x_wconf 86' lang='lat' dir='ltr'><strong>faceret</strong></span> <span class='ocrx_word' id='word_1_136' title='bbox 959 1997 992 2059; x_wconf 89' lang='lat' dir='ltr'><strong>et</strong></span> <span class='ocrx_word' id='word_1_137' title='bbox 1014 2015 1112 2078; x_wconf 87' lang='lat' dir='ltr'><strong>quarn</strong></span> <span class='ocrx_word' id='word_1_138' title='bbox 1131 2017 1233 2060; x_wconf 90' lang='lat' dir='ltr'><strong>suum</strong></span> <span class='ocrx_word' id='word_1_139' title='bbox 1286 1997 1287 2038; x_wconf 65' lang='lat' dir='ltr'><strong>l</strong></span> 
     </span>
     <span class='ocr_line' id='line_1_19' title="bbox 268 2083 1287 2178; baseline 0 -30"><span class='ocrx_word' id='word_1_140' title='bbox 268 2085 368 2149; x_wconf 86' lang='lat' dir='ltr'><strong>talem</strong></span> <span class='ocrx_word' id='word_1_141' title='bbox 390 2105 468 2170; x_wconf 84' lang='lat' dir='ltr'><strong>erga</strong></span> <span class='ocrx_word' id='word_1_142' title='bbox 495 2107 546 2150; x_wconf 90' lang='lat' dir='ltr'><strong>me</strong></span> <span class='ocrx_word' id='word_1_143' title='bbox 574 2085 718 2150; x_wconf 88' lang='lat' dir='ltr'><strong>animum</strong></span> <span class='ocrx_word' id='word_1_144' title='bbox 745 2083 806 2147; x_wconf 91' lang='lat' dir='ltr'><strong>tibi</strong></span> <span class='ocrx_word' id='word_1_145' title='bbox 833 2087 962 2168; x_wconf 83' lang='lat' dir='ltr'><strong>gratum</strong></span> <span class='ocrx_word' id='word_1_146' title='bbox 989 2086 1120 2168; x_wconf 89' lang='lat' dir='ltr'><strong>putaret</strong></span> <span class='ocrx_word' id='word_1_147' title='bbox 1143 2084 1232 2166; x_wconf 82' lang='lat' dir='ltr'><strong>fore3</strong></span> <span class='ocrx_word' id='word_1_148' title='bbox 1264 2087 1287 2178; x_wconf 46' lang='grc' dir='ltr'><strong>ᾗ</strong></span> 
     </span>
     <span class='ocr_line' id='line_1_20' title="bbox 269 2171 1287 2257; baseline 0 -19"><span class='ocrx_word' id='word_1_149' title='bbox 269 2174 359 2240; x_wconf 85' lang='lat' dir='ltr'><strong>cuius</strong></span> <span class='ocrx_word' id='word_1_150' title='bbox 383 2173 490 2239; x_wconf 88' lang='lat' dir='ltr'><strong>officia</strong></span> <span class='ocrx_word' id='word_1_151' title='bbox 511 2173 701 2239; x_wconf 89' lang='lat' dir='ltr'><strong>iucundiora</strong></span> <span class='ocrx_word' id='word_1_152' title='bbox 724 2171 846 2237; x_wconf 87' lang='lat' dir='ltr'><strong>scilicet</strong></span> <span class='ocrx_word' id='word_1_153' title='bbox 868 2194 963 2256; x_wconf 88' lang='lat' dir='ltr'><strong>saepe</strong></span> <span class='ocrx_word' id='word_1_154' title='bbox 985 2172 1066 2237; x_wconf 86' lang='lat' dir='ltr'><strong>milri</strong></span> <span class='ocrx_word' id='word_1_155' title='bbox 1084 2172 1234 2257; x_wconf 86' lang='lat' dir='ltr'><strong>fuerunt,</strong></span> <span class='ocrx_word' id='word_1_156' title='bbox 1286 2189 1287 2230; x_wconf 70' lang='lat'>1</span> 
     </span>
     <span class='ocr_line' id='line_1_21' title="bbox 268 2259 1287 2347; baseline 0 -21"><span class='ocrx_word' id='word_1_157' title='bbox 268 2283 446 2346; x_wconf 88' lang='lat' dir='ltr'><strong>numquam</strong></span> <span class='ocrx_word' id='word_1_158' title='bbox 472 2266 583 2327; x_wconf 86' lang='lat' dir='ltr'><strong>tamen</strong></span> <span class='ocrx_word' id='word_1_159' title='bbox 610 2262 761 2347; x_wconf 84' lang='lat' dir='ltr'><strong>gratiora.</strong></span> <span class='ocrx_word' id='word_1_160' title='bbox 806 2259 859 2326; x_wconf 89' lang='lat' dir='ltr'><strong>Me</strong></span> <span class='ocrx_word' id='word_1_161' title='bbox 887 2264 996 2326; x_wconf 85' lang='lat' dir='ltr'><strong>autem</strong></span> <span class='ocrx_word' id='word_1_162' title='bbox 1021 2282 1091 2337; x_wconf 81' lang='lat' dir='ltr'><strong>nou</strong></span> <span class='ocrx_word' id='word_1_163' title='bbox 1121 2263 1232 2328; x_wconf 88' lang='lat' dir='ltr'><strong>oratio</strong></span> <span class='ocrx_word' id='word_1_164' title='bbox 1286 2271 1287 2306; x_wconf 64' lang='lat'>³</span> 
     </span>
     <span class='ocr_line' id='line_1_22' title="bbox 267 2349 1287 2435; baseline 0.003 -22"><span class='ocrx_word' id='word_1_165' title='bbox 267 2353 325 2414; x_wconf 90' lang='lat' dir='ltr'><strong>tua</strong></span> <span class='ocrx_word' id='word_1_166' title='bbox 348 2351 453 2416; x_wconf 91' lang='lat' dir='ltr'><strong>solum</strong></span> <span class='ocrx_word' id='word_1_167' title='bbox 475 2353 509 2414; x_wconf 90' lang='lat' dir='ltr'><strong>et</strong></span> <span class='ocrx_word' id='word_1_168' title='bbox 531 2350 668 2417; x_wconf 88' lang='lat' dir='ltr'><strong>societas</strong></span> <span class='ocrx_word' id='word_1_169' title='bbox 686 2349 1028 2435; x_wconf 82' lang='lat' dir='ltr'><strong>paeneaegritudinis,</strong></span> <span class='ocrx_word' id='word_1_170' title='bbox 1051 2350 1235 2416; x_wconf 84' lang='lat' dir='ltr'><strong>sedetiam</strong></span> <span class='ocrx_word' id='word_1_171' title='bbox 1286 2351 1287 2434; x_wconf 58' lang='lat' dir='ltr'><strong>f</strong></span> 
     </span>
     <span class='ocr_line' id='line_1_23' title="bbox 267 2438 1287 2523; baseline 0.001 -22"><span class='ocrx_word' id='word_1_172' title='bbox 267 2438 443 2503; x_wconf 84' lang='lat' dir='ltr'><strong>auctoritas</strong></span> <span class='ocrx_word' id='word_1_173' title='bbox 466 2439 664 2523; x_wconf 67' lang='lat' dir='ltr'><strong>consolatum</strong></span> <span class='ocrx_word' id='word_1_174' title='bbox 686 2443 781 2523; x_wconf 90' lang='lat' dir='ltr'><strong>turpe</strong></span> <span class='ocrx_word' id='word_1_175' title='bbox 803 2439 890 2504; x_wconf 89' lang='lat' dir='ltr'><strong>enim</strong></span> <span class='ocrx_word' id='word_1_176' title='bbox 913 2459 982 2504; x_wconf 87' lang='lat' dir='ltr'><strong>esse</strong></span> <span class='ocrx_word' id='word_1_177' title='bbox 1001 2439 1151 2505; x_wconf 86' lang='lat' dir='ltr'><strong>existimo</strong></span> <span class='ocrx_word' id='word_1_178' title='bbox 1178 2461 1234 2505; x_wconf 91' lang='lat' dir='ltr'><strong>me</strong></span> <span class='ocrx_word' id='word_1_179' title='bbox 1286 2461 1287 2502; x_wconf 79' lang='grc' dir='ltr'><strong>ι</strong></span> 
     </span>
     <span class='ocr_line' id='line_1_24' title="bbox 267 2525 1287 2612; baseline 0.004 -22"><span class='ocrx_word' id='word_1_180' title='bbox 267 2527 404 2592; x_wconf 91' lang='lat' dir='ltr'><strong>nonita</strong></span> <span class='ocrx_word' id='word_1_181' title='bbox 435 2525 518 2592; x_wconf 83' lang='lat' dir='ltr'><strong>ferre</strong></span> <span class='ocrx_word' id='word_1_182' title='bbox 546 2549 656 2593; x_wconf 88' lang='lat' dir='ltr'><strong>casum</strong></span> <span class='ocrx_word' id='word_1_183' title='bbox 682 2548 803 2612; x_wconf 90' lang='lat' dir='ltr'><strong>meum,</strong></span> <span class='ocrx_word' id='word_1_184' title='bbox 834 2531 873 2593; x_wconf 91' lang='lat' dir='ltr'><strong>ut</strong></span> <span class='ocrx_word' id='word_1_185' title='bbox 898 2531 948 2612; x_wconf 89' lang='lat' dir='ltr'><strong>tu,</strong></span> <span class='ocrx_word' id='word_1_186' title='bbox 975 2528 1035 2592; x_wconf 88' lang='lat' dir='ltr'><strong>tali</strong></span> <span class='ocrx_word' id='word_1_187' title='bbox 1064 2528 1236 2612; x_wconf 88' lang='lat' dir='ltr'><strong>sapientia</strong></span> <span class='ocrx_word' id='word_1_188' title='bbox 1286 2551 1287 2612; x_wconf 60' lang='grc' dir='ltr'>ξ</span> 
     </span>
     <span class='ocr_line' id='line_1_25' title="bbox 266 2615 1287 2702; baseline 0.005 -24"><span class='ocrx_word' id='word_1_189' title='bbox 266 2615 445 2701; x_wconf 87' lang='lat' dir='ltr'><strong>praeditus,</strong></span> <span class='ocrx_word' id='word_1_190' title='bbox 467 2615 635 2684; x_wconf 89' lang='lat' dir='ltr'><strong>ferendum</strong></span> <span class='ocrx_word' id='word_1_191' title='bbox 657 2621 767 2702; x_wconf 81' lang='lat' dir='ltr'><strong>putas3</strong></span> <span class='ocrx_word' id='word_1_192' title='bbox 794 2615 851 2681; x_wconf 90' lang='lat' dir='ltr'><strong>sed</strong></span> <span class='ocrx_word' id='word_1_193' title='bbox 874 2616 1040 2702; x_wconf 84' lang='lat' dir='ltr'><strong>opprimor</strong></span> <span class='ocrx_word' id='word_1_194' title='bbox 1060 2616 1236 2683; x_wconf 88' lang='lat' dir='ltr'><strong>interdum</strong></span> <span class='ocrx_word' id='word_1_195' title='bbox 1286 2623 1287 2698; x_wconf 61' lang='grc' dir='ltr'>ἶ</span> 
     </span>
     <span class='ocr_line' id='line_1_26' title="bbox 268 2704 1237 2791; baseline 0.004 -23"><span class='ocrx_word' id='word_1_196' title='bbox 268 2707 301 2768; x_wconf 87' lang='lat' dir='ltr'><strong>et</strong></span> <span class='ocrx_word' id='word_1_197' title='bbox 323 2705 376 2769; x_wconf 85' lang='lat' dir='ltr'><strong>vix</strong></span> <span class='ocrx_word' id='word_1_198' title='bbox 397 2706 514 2771; x_wconf 88' lang='lat' dir='ltr'><strong>resisto</strong></span> <span class='ocrx_word' id='word_1_199' title='bbox 538 2706 655 2790; x_wconf 91' lang='lat' dir='ltr'><strong>dolori,</strong></span> <span class='ocrx_word' id='word_1_200' title='bbox 679 2707 764 2790; x_wconf 90' lang='lat' dir='ltr'><strong>quod</strong></span> <span class='ocrx_word' id='word_1_201' title='bbox 788 2726 826 2782; x_wconf 85' lang='lat' dir='ltr'><strong>ea</strong></span> <span class='ocrx_word' id='word_1_202' title='bbox 847 2727 899 2770; x_wconf 92' lang='lat' dir='ltr'><strong>me</strong></span> <span class='ocrx_word' id='word_1_203' title='bbox 923 2704 1040 2770; x_wconf 88' lang='lat' dir='ltr'><strong>solatia</strong></span> <span class='ocrx_word' id='word_1_204' title='bbox 1062 2704 1237 2791; x_wconf 89' lang='lat' dir='ltr'><strong>deficiunt,</strong></span> 
     </span>
     <span class='ocr_line' id='line_1_27' title="bbox 267 2794 1287 2879; baseline 0.003 -22"><span class='ocrx_word' id='word_1_205' title='bbox 267 2815 349 2877; x_wconf 87' lang='lat' dir='ltr'><strong>quae</strong></span> <span class='ocrx_word' id='word_1_206' title='bbox 373 2795 496 2879; x_wconf 90' lang='lat' dir='ltr'><strong>ceteris,</strong></span> <span class='ocrx_word' id='word_1_207' title='bbox 519 2815 656 2878; x_wconf 90' lang='lat' dir='ltr'><strong>quorum</strong></span> <span class='ocrx_word' id='word_1_208' title='bbox 677 2794 758 2858; x_wconf 91' lang='lat' dir='ltr'><strong>mihi</strong></span> <span class='ocrx_word' id='word_1_209' title='bbox 780 2794 926 2878; x_wconf 87' lang='lat' dir='ltr'><strong>exempla</strong></span> <span class='ocrx_word' id='word_1_210' title='bbox 945 2816 1103 2879; x_wconf 87' lang='lat' dir='ltr'><strong>propono,</strong></span> <span class='ocrx_word' id='word_1_211' title='bbox 1126 2795 1237 2860; x_wconf 87' lang='lat' dir='ltr'><strong>simili</strong></span> <span class='ocrx_word' id='word_1_212' title='bbox 1286 2809 1287 2878; x_wconf 71' lang='grc' dir='ltr'><strong><em>ᾖ</em></strong></span> 
     </span>
     <span class='ocr_line' id='line_1_28' title="bbox 266 2881 1237 2970; baseline 0.004 -24"><span class='ocrx_word' id='word_1_213' title='bbox 266 2881 456 2948; x_wconf 87' lang='lat' dir='ltr'><strong>infortuna</strong></span> <span class='ocrx_word' id='word_1_214' title='bbox 478 2905 546 2948; x_wconf 95' lang='lat' dir='ltr'><strong>non</strong></span> <span class='ocrx_word' id='word_1_215' title='bbox 565 2883 748 2949; x_wconf 89' lang='lat' dir='ltr'><strong>defuerunt:</strong></span> <span class='ocrx_word' id='word_1_216' title='bbox 770 2904 848 2948; x_wconf 90' lang='lat' dir='ltr'><strong>nam</strong></span> <span class='ocrx_word' id='word_1_217' title='bbox 869 2886 902 2947; x_wconf 90' lang='lat' dir='ltr'><strong>et</strong></span> <span class='ocrx_word' id='word_1_218' title='bbox 920 2881 957 2959; x_wconf 81' lang='lat' dir='ltr'>Q</span> <span class='ocrx_word' id='word_1_219' title='bbox 975 2881 1147 2968; x_wconf 86' lang='lat' dir='ltr'><strong>Maximus,</strong></span> <span class='ocrx_word' id='word_1_220' title='bbox 1175 2885 1237 2970; x_wconf 92' lang='lat' dir='ltr'><strong>qui</strong></span> 
     </span>
     <span class='ocr_line' id='line_1_29' title="bbox 265 2970 1287 3058; baseline 0.007 -24"><span class='ocrx_word' id='word_1_221' title='bbox 265 2970 369 3036; x_wconf 88' lang='lat' dir='ltr'><strong>filium</strong></span> <span class='ocrx_word' id='word_1_222' title='bbox 392 2973 606 3056; x_wconf 87' lang='lat' dir='ltr'><strong>consularem,</strong></span> <span class='ocrx_word' id='word_1_223' title='bbox 634 2973 757 3037; x_wconf 86' lang='lat' dir='ltr'><strong>clarum</strong></span> <span class='ocrx_word' id='word_1_224' title='bbox 778 2971 883 3037; x_wconf 82' lang='lat' dir='ltr'><strong>virum</strong></span> <span class='ocrx_word' id='word_1_225' title='bbox 911 2975 944 3035; x_wconf 90' lang='lat' dir='ltr'><strong>et</strong></span> <span class='ocrx_word' id='word_1_226' title='bbox 970 2972 1098 3058; x_wconf 81' lang='lat' dir='ltr'><strong>magnis</strong></span> <span class='ocrx_word' id='word_1_227' title='bbox 1124 2973 1238 3039; x_wconf 89' lang='lat' dir='ltr'><strong>rebus</strong></span> <span class='ocrx_word' id='word_1_228' title='bbox 1286 2973 1287 3042; x_wconf 57' lang='grc' dir='ltr'><strong>ι</strong></span> 
     </span>
     <span class='ocr_line' id='line_1_30' title="bbox 266 3059 1287 3150; baseline 0.004 -26"><span class='ocrx_word' id='word_1_229' title='bbox 266 3063 380 3146; x_wconf 86' lang='lat' dir='ltr'><strong>gest,</strong></span> <span class='ocrx_word' id='word_1_230' title='bbox 339 3060 366 3125; x_wconf 91' lang='lat' dir='ltr'><strong>is</strong></span> <span class='ocrx_word' id='word_1_231' title='bbox 408 3060 528 3145; x_wconf 87' lang='lat' dir='ltr'><strong>amisit,</strong></span> <span class='ocrx_word' id='word_1_232' title='bbox 556 3059 646 3125; x_wconf 89' lang='lat' dir='ltr'><strong>etL.</strong></span> <span class='ocrx_word' id='word_1_233' title='bbox 668 3059 814 3144; x_wconf 87' lang='lat' dir='ltr'><strong>Paullus,</strong></span> <span class='ocrx_word' id='word_1_234' title='bbox 842 3060 897 3143; x_wconf 90' lang='lat' dir='ltr'><strong>qui</strong></span> <span class='ocrx_word' id='word_1_235' title='bbox 925 3059 988 3126; x_wconf 90' lang='lat' dir='ltr'><strong>duo</strong></span> <span class='ocrx_word' id='word_1_236' title='bbox 1012 3082 1067 3145; x_wconf 89' lang='lat' dir='ltr'><strong>sep</strong></span> <span class='ocrx_word' id='word_1_237' title='bbox 1069 3062 1136 3124; x_wconf 91' lang='lat' dir='ltr'><strong>tem</strong></span> <span class='ocrx_word' id='word_1_238' title='bbox 1164 3061 1238 3128; x_wconf 89' lang='lat' dir='ltr'><strong>die·</strong></span> <span class='ocrx_word' id='word_1_239' title='bbox 1286 3103 1287 3150; x_wconf 66' lang='lat'>3</span> 
     </span>
     <span class='ocr_line' id='line_1_31' title="bbox 264 3110 1287 3251; baseline 0.003 -38"><span class='ocrx_word' id='word_1_240' title='bbox 264 3147 340 3251; x_wconf 88' lang='lat' dir='ltr'><strong>bus,</strong></span> <span class='ocrx_word' id='word_1_241' title='bbox 368 3151 402 3214; x_wconf 89' lang='lat' dir='ltr'><strong>et</strong></span> <span class='ocrx_word' id='word_1_242' title='bbox 427 3170 482 3215; x_wconf 85' lang='lat' dir='ltr'><strong>ves</strong></span> <span class='ocrx_word' id='word_1_243' title='bbox 484 3153 533 3214; x_wconf 94' lang='lat' dir='ltr'><strong>ter</strong></span> <span class='ocrx_word' id='word_1_244' title='bbox 484 3147 666 3214; x_wconf 81' lang='lat' dir='ltr'><strong>tGallus</strong></span> <span class='ocrx_word' id='word_1_245' title='bbox 694 3151 728 3213; x_wconf 89' lang='lat' dir='ltr'><strong>et</strong></span> <span class='ocrx_word' id='word_1_246' title='bbox 713 3147 792 3212; x_wconf 91' lang='grc' dir='ltr'><strong>ι.Μ</strong></span> <span class='ocrx_word' id='word_1_247' title='bbox 805 3110 910 3232; x_wconf 51' lang='lat' dir='ltr'><strong>Lato,</strong></span> <span class='ocrx_word' id='word_1_248' title='bbox 938 3149 993 3250; x_wconf 81' lang='lat' dir='ltr'><strong>qui</strong></span> <span class='ocrx_word' id='word_1_249' title='bbox 1020 3170 1149 3214; x_wconf 87' lang='lat' dir='ltr'><strong>summo</strong></span> <span class='ocrx_word' id='word_1_250' title='bbox 1183 3151 1240 3216; x_wconf 90' lang='lat' dir='ltr'><strong>in-</strong></span> <span class='ocrx_word' id='word_1_251' title='bbox 1286 3153 1287 3236; x_wconf 64' lang='lat' dir='ltr'><em>J</em></span> 
     </span>
     <span class='ocr_line' id='line_1_32' title="bbox 266 3236 1287 3323; baseline 0.006 -22"><span class='ocrx_word' id='word_1_252' title='bbox 266 3237 372 3322; x_wconf 88' lang='lat' dir='ltr'><strong>genio,</strong></span> <span class='ocrx_word' id='word_1_253' title='bbox 394 3258 520 3302; x_wconf 90' lang='lat' dir='ltr'><strong>summa</strong></span> <span class='ocrx_word' id='word_1_254' title='bbox 538 3238 656 3302; x_wconf 90' lang='lat' dir='ltr'><strong>virtute</strong></span> <span class='ocrx_word' id='word_1_255' title='bbox 674 3237 776 3301; x_wconf 90' lang='lat' dir='ltr'><strong>filium</strong></span> <span class='ocrx_word' id='word_1_256' title='bbox 794 3236 942 3321; x_wconf 91' lang='lat' dir='ltr'><strong>perdidit,</strong></span> <span class='ocrx_word' id='word_1_257' title='bbox 964 3237 1004 3302; x_wconf 90' lang='lat' dir='ltr'><strong>iis</strong></span> <span class='ocrx_word' id='word_1_258' title='bbox 1022 3238 1240 3323; x_wconf 89' lang='lat' dir='ltr'><strong>temporibus</strong></span> <span class='ocrx_word' id='word_1_259' title='bbox 1286 3237 1287 3270; x_wconf 49' lang='lat' dir='ltr'><strong>l</strong></span> 
     </span>
    </p>
   </div>
   <div class='ocr_carea' id='block_1_6' title="bbox 336 3462 1242 3601">
    <p class='ocr_par' dir='ltr' id='par_1_7' title="bbox 336 3462 1242 3601">
     <span class='ocr_line' id='line_1_33' title="bbox 336 3462 1242 3601; baseline 0.008 -83"><span class='ocrx_word' id='word_1_260' title='bbox 336 3462 436 3601; x_wconf 48' lang='grc' dir='ltr'><strong>Εἰ,</strong></span> <span class='ocrx_word' id='word_1_261' title='bbox 408 3469 436 3532; x_wconf 82' lang='lat'><strong>6,</strong></span> <span class='ocrx_word' id='word_1_262' title='bbox 454 3469 478 3521; x_wconf 93' lang='lat'><strong>6.</strong></span> <span class='ocrx_word' id='word_1_263' title='bbox 514 3464 733 3534; x_wconf 76' lang='lat' dir='ltr'><strong>tranquilliorem</strong></span> <span class='ocrx_word' id='word_1_264' title='bbox 760 3467 852 3520; x_wconf 81' lang='lat' dir='ltr'><strong>urimo</strong></span> <span class='ocrx_word' id='word_1_265' title='bbox 875 3465 942 3535; x_wconf 87' lang='grc' dir='ltr'><strong>(Μ.)</strong></span> <span class='ocrx_word' id='word_1_266' title='bbox 984 3465 1189 3536; x_wconf 76' lang='lat' dir='ltr'><strong>tranquillr&#39;ore</strong></span> <span class='ocrx_word' id='word_1_267' title='bbox 1210 3487 1242 3526; x_wconf 88' lang='grc' dir='ltr'><strong>ιι.</strong></span> 
     </span>
    </p>
   </div>
   <div class='ocr_carea' id='block_1_7' title="bbox 264 3529 1287 3677">
    <p class='ocr_par' dir='ltr' id='par_1_8' title="bbox 264 3529 1287 3677">
     <span class='ocr_line' id='line_1_34' title="bbox 264 3529 1287 3610; baseline 0.01 -25"><span class='ocrx_word' id='word_1_268' title='bbox 264 3529 340 3588; x_wconf 84' lang='lat' dir='ltr'><strong>Mart</strong></span> <span class='ocrx_word' id='word_1_269' title='bbox 423 3533 516 3588; x_wconf 93' lang='grc' dir='ltr'><strong>Β-</strong></span> <span class='ocrx_word' id='word_1_270' title='bbox 543 3535 681 3592; x_wconf 75' lang='lat' dir='ltr'><strong>certiorem</strong></span> <span class='ocrx_word' id='word_1_271' title='bbox 703 3541 728 3590; x_wconf 87' lang='lat' dir='ltr'><strong>te</strong></span> <span class='ocrx_word' id='word_1_272' title='bbox 745 3535 849 3602; x_wconf 68' lang='lat' dir='ltr'><strong>famam</strong></span> <span class='ocrx_word' id='word_1_273' title='bbox 872 3536 965 3604; x_wconf 84' lang='lat' dir='ltr'><strong>(Mart</strong></span> <span class='ocrx_word' id='word_1_274' title='bbox 967 3534 1039 3604; x_wconf 74' lang='lat' dir='ltr'>-L.)?</span> <span class='ocrx_word' id='word_1_275' title='bbox 1083 3535 1137 3604; x_wconf 86' lang='lat' dir='ltr'><strong>Ep.</strong></span> <span class='ocrx_word' id='word_1_276' title='bbox 1164 3545 1287 3610; x_wconf 85' lang='grc'><strong>6,.1</strong></span> 
     </span>
     <span class='ocr_line' id='line_1_35' title="bbox 266 3601 1136 3677; baseline 0.003 -20"><span class='ocrx_word' id='word_1_277' title='bbox 266 3601 364 3658; x_wconf 79' lang='lat' dir='ltr'><strong>litteris</strong></span> <span class='ocrx_word' id='word_1_278' title='bbox 382 3605 438 3659; x_wconf 80' lang='lat' dir='ltr'><strong>tuis</strong></span> <span class='ocrx_word' id='word_1_279' title='bbox 456 3605 530 3660; x_wconf 82' lang='lat' dir='ltr'><strong>lectis</strong></span> <span class='ocrx_word' id='word_1_280' title='bbox 549 3606 672 3675; x_wconf 80' lang='lat' dir='ltr'>(N.)?—</span> <span class='ocrx_word' id='word_1_281' title='bbox 692 3606 791 3662; x_wconf 79' lang='lat' dir='ltr'><strong>Gallus</strong></span> <span class='ocrx_word' id='word_1_282' title='bbox 810 3605 925 3677; x_wconf 81' lang='lat' dir='ltr'><strong>(vulgo)</strong></span> <span class='ocrx_word' id='word_1_283' title='bbox 963 3605 1052 3662; x_wconf 79' lang='lat' dir='ltr'><strong>Gulae</strong></span> <span class='ocrx_word' id='word_1_284' title='bbox 1069 3605 1136 3662; x_wconf 91' lang='grc' dir='ltr'><strong>ΜΒ.</strong></span> 
     </span>
    </p>
   </div>
   <div class='ocr_carea' id='block_1_8' title="bbox 0 0 1310 3980">
    <p class='ocr_par' dir='ltr' id='par_1_9' title="bbox 0 0 1310 3980">
     <span class='ocr_line' id='line_1_36' title="bbox 0 0 1310 3980; baseline 0 0"><span class='ocrx_word' id='word_1_285' title='bbox 0 0 1310 3980; x_wconf 95' lang='lat' dir='ltr'><strong> </strong></span> 
     </span>
    </p>
   </div>
  </div>
 </body>
</html>
