2578 3982
260 219 520 278 EPISTOLARUM
532 221 582 277 AD
598 221 629 287 Q.
642 220 818 277 FRATREM
832 223 852 277 l.
867 229 893 278 8.
992 224 1057 290 587

104 365 275 450 dignitate,
297 365 504 449 auotoritate,
526 366 771 450 existimatione,
789 368 899 453 gratia
920 389 989 434 non
1009 370 1058 434 in-

102 453 214 537 ferior,
240 473 338 537 quam
370 453 425 538 qui
455 471 608 538 umquem
636 455 769 520 fuerunt
792 457 998 540 amplissimi,
1029 458 1059 524 is

103 561 190 605 nune
216 541 251 605 in
273 541 335 606 heo
356 545 425 606 tarn
447 541 569 607 afflicta
589 543 778 629 perditaque
799 543 932 610 fortuma
952 566 1058 630 neque

36 701 40 706 ,
103 651 154 693 me
177 649 281 712 nequo
302 649 393 696 maor
414 630 525 716 lugere
543 631 663 696 diutim
685 632 816 716 possim.
852 631 959 709 Quare
980 633 1084 717 quid?

104 717 144 780 ad
165 737 219 782 me
241 718 398 802 scripsisti
421 718 459 783 de
478 720 737 802 permutatione?
760 721 948 806 quasivero
969 743 1059 790 nuno

103 826 154 870 me
177 825 244 871 non
266 809 342 871 trae
368 807 539 872 fserdtates
563 808 756 892 auedneant,
786 829 850 894 qua
871 809 907 874 in
929 831 964 874 re
986 810 1059 894 ipsa

103 893 195 959 video
209 894 353 959 miseret
370 895 475 961 sentio
494 896 571 980 quid
589 897 717 961 seelerir
742 896 934 982 admiserim,
959 920 1059 983 quum

104 982 142 1046 de
163 983 340 1048 visentibus
367 983 432 1049 tuis
458 986 494 1050 et
514 983 573 1049 filii
600 985 649 1050 tui
671 983 895 1051 satisfacturus
922 986 966 1052 sis
989 987 1058 1071 qui·

104 1071 164 1135 bus
187 1063 298 1154 debes,
325 1091 386 1157 ego
410 1075 575 1157 aooeptum
598 1093 637 1137 ex
663 1073 787 1138 nerano
808 1073 979 1159 paeoniam
1000 1078 1058 1139 tuo

104 1159 233 1224 nomine
263 1159 387 1225 trustra
416 1160 608 1246 dissipor-im.
656 1158 720 1226 Sed
746 1165 856 1226 tamen
877 1163 899 1241 rt
921 1165 956 1226 et
983 1161 1058 1227 inde

104 1247 262 1331 Antonio,
294 1251 452 1332 quantum
477 1252 515 1314 tu
541 1249 728 1334 scripseras,
758 1254 789 1315 et
806 1247 965 1335 Caepioni
986 1254 1058 1316 tan·

104 1334 236 1400 tundam
259 1335 400 1403 solutum
424 1340 486 1402 est:
507 1337 588 1404 mihi
611 1337 716 1422 adid,
739 1338 825 1422 quod
848 1338 965 1424 oogito,
987 1338 1059 1418 hoe,

104 1423 190 1506 quod
216 1424 334 1509 habeo,
362 1425 440 1490 satis
467 1429 530 1509 est;
557 1426 624 1491 sive
651 1427 737 1492 enim
764 1426 964 1492 restituimur
990 1426 1057 1492 sive

102 1511 323 1597 desperamus,
349 1512 432 1578 nihil
460 1514 599 1598 amplius
626 1536 707 1598 opus
734 1518 792 1580 est.
837 1514 901 1599 Tu,
924 1515 952 1580 si
973 1516 1059 1580 forte

103 1600 179 1684 quid
202 1601 264 1666 erit
284 1602 465 1686 molestiat,
486 1607 519 1667 to
542 1602 584 1668 ad
604 1599 757 1668 Crassum
779 1605 813 1669 et
834 1602 876 1667 ad
899 1600 1059 1670 Calidium

104 1688 251 1754 conferas
269 1709 396 1754 censeo:
419 1694 576 1774 quantum
596 1689 771 1756 Hortensio
791 1691 984 1757 eredendum
1007 1692 1059 1774 sit,

104 1775 223 1840 neseio.
267 1773 320 1839 Me
344 1797 469 1840 summa
496 1777 700 1842 simulatione
730 1777 848 1842 amoris
872 1797 1086 1862 summaqueo

104 1861 292 1927 assiduitate
320 1862 508 1946 quotidiana
537 1864 781 1929 sceleratissime
801 1864 1059 1930 insidiosissime·

104 1970 166 2035 que
186 1950 342 2015 tractavit
365 1950 516 2016 ediunoto
540 1949 576 2026 Q.
599 1949 709 2034 Ani03
736 1973 872 2036 quorum
899 1973 960 2038 ego
984 1975 1059 2020 oon·

105 2039 194 2122 siliis,
216 2038 393 2123 promissis,
415 2039 594 2123 praereptis
617 2040 789 2105 destitutus
810 2040 847 2105 in
868 2041 953 2106 hano
976 2043 1059 2107 eale·

103 2127 250 2191 mitatem
277 2127 384 2192 incidi.
429 2123 492 2192 Sed
517 2127 598 2194 haee
620 2127 809 2211 occultatis,
834 2149 877 2193 ne
904 2129 981 2213 quid
1004 2130 1059 2195 ob·

104 2215 183 2280 sint:
214 2215 294 2279 illud
322 2217 433 2279 raveto
451 2249 495 2262 -
513 2218 548 2280 et
577 2237 616 2282 eo
647 2219 727 2300 puto
760 2237 818 2300 per
844 2215 1059 2302 Pomponium

104 2302 280 2368 fovendum
301 2302 362 2368 tibi
388 2323 458 2368 esse
484 2304 591 2389 ipsum
618 2303 829 2370 Hortensium
852 2339 909 2389 -,
937 2326 979 2370 ne
1004 2306 1059 2372 ille

104 2411 230 2474 versus,
261 2391 316 2476 qui
342 2391 378 2455 in
404 2393 437 2455 te
463 2394 535 2456 erat
561 2393 710 2476 nullatus,
736 2413 840 2477 quarn
863 2393 1060 2460 aedilitatem

103 2479 246 2564 petebas,
267 2479 307 2544 de
329 2479 401 2564 lege
423 2477 565 2564 Aurelia,
586 2480 873 2554 falsotestimonio
892 2481 1059 2548 confirme-

84 2572 170 2650 tur,
196 2567 278 2632 nihil
304 2568 401 2631 enim·
417 2570 486 2632 tam
507 2568 605 2634 timeo
628 2591 725 2652 quam
749 2591 807 2654 ne,
836 2590 935 2654 quum
965 2571 1058 2635 intel·

104 2657 210 2740 ligent
231 2655 391 2738 homines,
421 2657 839 2740 quantummiserieordiae
865 2659 961 2722 nobis
982 2663 1059 2723 tuae

105 2761 215 2828 preoea
238 2747 271 2808 et
285 2745 345 2808 tua
363 2744 450 2808 salus
467 2744 606 2809 allatura
623 2745 676 2827 sit,
698 2748 889 2830 oppugnent
909 2747 942 2810 te
965 2745 1059 2810 uehe-

104 2831 254 2896 mentius.
292 2830 480 2896 *Messalom
510 2830 560 2896 tui
590 2831 771 2898 studiosam
806 2852 876 2897 esre
908 2832 1086 2918 arbitr-0130

104 2919 294 3003 Pompeium
316 2919 414 2985 etiam
435 2919 655 2985 simulatorem
677 2924 765 3004 puto.
810 2916 874 2986 seu
896 2920 976 2987 haee
998 2922 1060 2986 uti·
1106 2973 1107 2976 η

104 3028 181 3072 nem
202 3027 242 3074 ue
263 3008 443 3092 vexperiere!
476 3007 562 3093 quod
587 3027 736 3092 praearer
762 3008 853 3094 deos,
881 3009 945 3075 nisi
970 3031 1060 3075 meas

104 3094 344 3180 preessaudiro
367 3095 538 3180 elusissent,
559 3099 781 3162 verumtamen
803 3117 926 3182 pronon,
949 3100 987 3163 at
1008 3097 1060 3164 his

172 3337 199 3394 E
222 3345 313 3407 .s,'1.
348 3345 484 3410 quarum
506 3340 812 3409 dedecentem-wi?
835 3368 869 3380 -
890 3345 1061 3408 tomm'fd

105 3409 170 3464 inde
187 3355 294 3480 (le).
337 3415 358 3464 t.
382 3411 446 3466 iudo
467 3415 493 3465 et
511 3410 577 3464 Ant
599 3411 684 3480 (ΨΜ
703 3411 765 3465 'An
781 3415 801 3464 t.
820 3414 845 3464 et
863 3410 907 3464 Π.
930 3411 997 3466 Aet.

104 3482 131 3604 {tt
149 3480 334 3621 ἕωθῧοιέιῖῗι
350 3481 435 3551 (W.)?
470 3485 489 3535 t.
507 3486 535 3536 et
553 3481 597 3535 Μ.
615 3481 683 3536 Aut.
702 3521 727 3534 ..
743 3485 771 3534 et
785 3479 866 3550 (lurp.
884 3480 915 3535 R
929 3480 1060 3551 (alteram
