2556 3986
191 199 195 210 .
225 169 292 234 554
509 166 547 220 M.
566 165 690 221 TULLII
708 164 900 220 CICERONIS

225 311 349 377 nuntiis
373 310 489 376 certior
510 311 553 374 fio
577 313 611 374 et
637 310 676 374 de
700 311 816 374 suain
839 332 891 375 me
914 312 1099 375 voluntate
1126 333 1206 375 sem·

225 422 283 484 per
301 401 341 464 ad
360 421 411 464 me
429 399 599 482 perscribit
617 401 719 483 pater,
733 402 843 462 tamen
862 399 901 462 de
921 401 1044 482 quavis
1067 401 1207 464 minima

225 510 259 553 re
283 488 404 572 scripta
426 509 446 551 a
467 490 500 550 te
523 487 564 550 ad
591 508 642 550 me
665 487 804 570 epistola
831 508 960 570 semper
990 488 1063 552 fuit
1088 489 1206 574 gratis·

226 599 316 642 suma.
361 575 466 652 Quare
489 596 589 658 quum
611 575 647 639 in
669 575 783 659 primis
805 578 879 638 tuas
903 575 1099 641 desiderem
1122 578 1206 641 litte·

225 687 287 747 ras,
309 665 378 730 noli
401 664 613 746 commIttere,
636 666 673 726 ut
696 663 903 728 excusatione
924 665 1044 747 potius
1072 667 1206 750 expleas

226 753 369 906 pffilcium
404 751 565 818 scribendi
607 773 704 835 quam
741 751 931 818 assiduitate
968 752 1205 837 epistolarum.

259 862 317 908 ae.

630 1083 632 1088 .
646 1013 768 1089 XXVI.

500 1125 558 1184 Ser.
577 1129 696 1182 assume
716 1143 740 1182 a.
759 1145 787 1182 u.
807 1145 830 1184 c.
850 1132 911 1182 rio.

335 1251 367 1320 Q.
387 1249 536 1307 CICERO
554 1249 682 1306 TIRONI
701 1249 770 1305 SUO
791 1251 867 1306 SAL.
885 1251 989 1306 PLUR.
1011 1251 1089 1308 DIC.

192 1364 205 1411 1
292 1352 477 1419 Verberavi'
499 1355 531 1416 te
554 1351 761 1436 cogitationis
788 1352 889 1417 tacito
920 1353 1102 1418 dumtaxat
1126 1375 1198 1420 con·

227 1441 323 1524 vicio,
354 1440 440 1524 quod
468 1439 641 1504 fasciculus
669 1440 751 1506 alter
778 1438 819 1505 ad
846 1462 903 1504 me
924 1441 990 1507 iam
1024 1441 1103 1506 sine
1135 1445 1196 1508 tuis

226 1529 343 1593 litteris
367 1529 510 1612 perlatus
534 1531 592 1593 est.
627 1525 704 1592 Non
726 1531 820 1611 potes
843 1529 983 1614 effugere
1000 1529 1109 1596 huius
1134 1533 1195 1596 cul·

227 1639 287 1702 pae
314 1637 453 1701 poenam
485 1619 517 1681 te
549 1619 701 1701 patrono:
733 1615 862 1682 Marcus
894 1621 945 1682 est
976 1617 1195 1703 adhibendus,

227 1707 317 1790 isque
350 1704 405 1769 diu
440 1708 473 1769 et
507 1705 618 1771 multis
654 1705 932 1772 lucubrationibus
968 1713 1193 1774 commentata

228 1795 373 1860 oratione
406 1793 478 1859 vide
509 1797 548 1859 ut
574 1793 711 1878 probare
738 1794 843 1878 possit
873 1793 912 1859 te'
933 1816 1001 1860 non
1028 1817 1191 1880 peccasse.

192 1882 327 1948 aPlane
349 1886 382 1947 te
410 1903 505 1968 rogo:
533 1882 616 1946 sieut
644 1881 721 1947 olim
748 1885 882 1946 matrem
910 1887 1059 1949 nostram
1084 1886 1192 1950 faeere

226 1971 372 2055 memini,
396 1992 477 2055 quae
499 1970 637 2055 lagonas
660 1971 758 2034 etiam
780 1970 894 2036 inanes
918 1970 1130 2058 obsignabat,
1152 1996 1191 2038 ne
1249 2007 1250 2016 κ

228 2061 410 2126 dicerentur
432 2060 545 2124 inanes
565 2057 691 2142 aliquae
710 2059 819 2141 fuisse,
842 2081 923 2144 quae
945 2059 1060 2124 furtim
1079 2067 1190 2128 essent
1249 2117 1250 2130 ,

227 2149 414 2232 exsiccatae,
437 2148 482 2213 sic
504 2151 550 2232 tu,
574 2147 710 2231 etiamsi,
732 2147 817 2231 quod
841 2148 975 2232 scribas,
997 2169 1068 2214 non
1091 2150 1189 2216 habe

226 2237 291 2322 bis,
318 2237 449 2302 scribito
476 2240 600 2319 tamen,
626 2257 667 2299 ne
695 2233 818 2300 furtum
845 2237 1033 2302 cessationis
1063 2240 1188 2322 quaesi·

226 2327 310 2390 visse
333 2325 485 2408 videaris3
511 2323 604 2389 valde
633 2324 718 2389 enim
745 2323 825 2388 mihi
848 2346 973 2408 semper
995 2329 1028 2389 et
1043 2349 1132 2391 ¹vera
1158 2333 1189 2392 et

227 2413 334 2478 dulcia
355 2411 421 2478 tuis
444 2412 588 2496 epistolis
611 2413 812 2478 nuntiantur.
853 2412 939 2479 Ama
968 2434 1029 2479 nos
1053 2418 1087 2479 et
1108 2417 1187 2481 vale.

633 2605 769 2671 XXVII.

275 2718 333 2776 Ser.
351 2717 458 2776 Romae
476 2719 595 2774 exeunte
613 2735 638 2772 a.
657 2736 683 2772 u.
703 2735 726 2773 c.
746 2723 797 2815 alb
817 2720 893 2787 (ante
910 2719 958 2773 III.
976 2718 1038 2774 Kal.
1058 2720 1139 2790 Ian).

299 2841 330 2908 Q.
341 2841 470 2897 CICERO
485 2842 612 2897 TIRONI
627 2841 695 2897 SUO
710 2841 785 2897 SAL.
800 2841 993 2896 PLURIMAM
1006 2841 1115 2898 DICIT.

194 2955 207 3004 1
247 2945 249 2948 ’
293 2937 463 3005 Mirifieam
494 2942 574 3007 mihi
610 2943 866 3008 verberationem
898 2941 1088 3008 cessationis
1121 2946 1184 3030 epi·

110 3030 115 3040 '
228 3029 312 3096 stola
326 3027 454 3112 dedisti,
477 3050 562 3115 nam,
582 3053 663 3115 qnae
681 3029 809 3116 parcius
827 3031 927 3096 frater
945 3032 1183 3117 perscripserat,

227 3116 420 3183 verecundia
442 3117 590 3183 uidelicet
613 3123 645 3183 et
663 3119 900 3203 properatione,
921 3140 960 3184 ea
982 3123 1019 3184 tu
1043 3120 1111 3184 sine
1136 3144 1181 3186 as·

227 3205 423 3291 sentations,
450 3210 488 3272 ut
514 3210 620 3292 erant,
649 3207 764 3272 adme
791 3207 961 3292 scripsisti,
988 3211 1021 3272 et
1047 3209 1181 3273 maxime

289 3352 342 3422 Ep.
361 3359 404 3408 26.
434 3353 465 3478 g
486 3352 634 3410 CICERO
655 3353 806 3408 TIRONI
823 3355 889 3423 (W.)
918 3355 949 3426 Q.
971 3354 1003 3410 T.
1021 3355 1068 3424 M,
1087 3355 1176 3438 vulgo.

220 3453 253 3462 -
273 3422 356 3477 SAL.
378 3423 431 3476 PL
461 3423 497 3488 R.
521 3424 635 3494 (vulgo.)
673 3422 707 3476 P.
727 3423 756 3478 S.
774 3425 840 3478 ΜΒ.
877 3425 927 3494 Ep.
947 3431 989 3493 27,
1011 3431 1034 3480 l.
1067 3427 1175 3494 apastolo

219 3495 270 3546 tua
288 3495 315 3547 d.
334 3494 418 3561 (W.)?
450 3499 475 3548 2.
502 3495 671 3562 ropoesieut
689 3493 763 3562 (W.).
794 3495 979 3564 r.,s.vu1g0.
