2568 3980
346 224 607 283 EPISTOLARUM
624 226 658 281 v.
678 232 720 281 12.
739 233 780 282 re.
979 225 1041 290 141

5 367 7 452 i
83 373 245 454 ceptorum
276 369 493 454 fortitudinis,
522 371 608 455 quod
639 373 677 436 tu
708 370 788 436 milri
818 370 926 436 videre
952 390 1044 455 spem

5 515 6 524 ,
82 458 275 524 nonnullam
302 457 423 526 habere
449 457 530 525 haec
560 458 732 542 aliquando
760 458 870 527 futura
897 459 1043 543 melicum

84 567 177 615 ersus
207 546 298 610 enim
329 546 515 632 gladiotorii
536 547 835 631 ,similitudinesque
864 567 939 631 eae,
972 550 1043 622 uum

84 634 228 699 rationes
250 634 286 698 in
309 655 347 698 ea
372 635 590 719 disputatione
618 639 692 700 ete
715 635 867 701 collectae
888 636 1045 701 retebant

85 743 135 786 me
163 722 211 786 rei
238 722 386 806 publicae
415 723 544 807 penitus
567 723 720 789 diffidere.
764 723 878 808 Itaque
906 725 1044 788 alterum

85 811 193 875 minus
216 811 343 894 mirum,
364 810 533 880 fortiorem
554 814 588 878 te
610 832 688 895 esse,
711 833 810 896 quum
829 812 950 896 aliquid
973 833 1042 897 spe·

83 920 145 982 res,
170 899 308 963 alterum
330 899 456 983 mirum,
479 921 535 984 spe
557 897 625 964 ulla
646 901 763 984 teneri3
786 900 863 985 quid
886 903 936 966 eat
957 901 1043 965 enim

83 1009 153 1051 non
176 987 223 1050 ita
247 985 406 1070 affectum,
428 991 466 1053 ut
487 987 520 1052 id
542 1009 611 1053 non
629 985 770 1053 deletum
788 989 1043 1074 exstinctumque

83 1097 156 1140 esse
179 1075 324 1140 fateare?
348 1076 554 1161 circumspice
578 1077 687 1142 omnia
708 1076 853 1141 membra
874 1077 922 1142 rei
940 1077 1043 1162 publi-

81 1185 151 1246 cae,
177 1185 258 1248 quoe
281 1163 455 1234 notissime
476 1167 553 1230 sunt
573 1165 647 1230 tibi:
670 1165 799 1241 nullum
809 1165 948 1249 reperies
970 1186 1044 1248 pro·

79 1253 188 1334 fecto,
219 1251 305 1336 quod
337 1273 405 1318 uon
435 1253 575 1318 fractum
606 1252 847 1318 debilitatumve
875 1253 930 1337 sit3
962 1273 1043 1338 quoe

79 1361 304 1425 persequerer,
327 1340 355 1404 si
377 1343 434 1406 eut
456 1342 570 1406 melius
593 1362 632 1406 ea
648 1340 798 1425 viderem,
821 1363 917 1426 quem
939 1344 976 1406 tu
999 1342 1044 1406 vi·

80 1429 161 1513 des,
185 1431 242 1492 aut
267 1449 516 1516 commemorare
538 1451 668 1514 possem
691 1429 760 1496 sine
782 1430 906 1514 dolore,
934 1451 1043 1515 quam-

80 1520 272 1672 llsstttl
286 1520 419 1690 mitti
434 1519 1079 1691 eruemuruutfflrtutjr

82 1699 117 1760 et
151 1693 284 1779 publica
309 1695 419 1778 paullo
451 1695 550 1760 etiam
576 1694 693 1760 fortius
719 1695 857 1762 fortasse
884 1716 981 1779 quoru
1007 1699 1044 1760 tu

84 1785 171 1868 ipse,
192 1783 247 1866 qui
268 1782 440 1867 praecipis3
461 1785 495 1847 ιο
518 1783 605 1850 enim
627 1781 735 1868 alique
757 1805 830 1868 spes
851 1785 1044 1866 consoletur,

85 1875 124 1936 ut
147 1870 273 1953 scribis,
293 1893 355 1937 nos
378 1872 496 1938 erimus
518 1873 617 1936 etiem
638 1871 674 1936 in
697 1872 841 1938 omnium
863 1893 971 1938 rerum
991 1871 1044 1938 de·

87 1960 274 2044 speratione
295 1960 410 2044 fortes,
437 1963 475 2026 ut
496 1963 533 2025 tu
556 1963 666 2026 temen
687 1960 772 2027 idem
795 1964 828 2026 et
849 1961 989 2026 hortaris
1012 1963 1045 2026 et

88 2048 263 2132 praecipis,
294 2048 352 2114 das
388 2049 475 2116 enim
505 2048 586 2114 mihi
620 2049 776 2115 iucundas
806 2048 1044 2115 recordationes

86 2135 307 2202 eonscientiae
334 2139 465 2202 nostrae
492 2158 661 2222 rerumque
688 2157 811 2220 eurum
842 2157 922 2219 ques
951 2138 984 2199 te
1010 2135 1045 2200 in

87 2225 203 2308 primis
226 2229 357 2290 auctore
380 2225 550 2310 gessimus,
572 2225 791 2309 praestitimus
814 2223 899 2288 enim
921 2223 1045 2308 patrios

89 2333 160 2378 non
186 2312 294 2378 minus
323 2317 422 2397 certe,
447 2335 546 2414 quem
577 2313 757 2396 debuimus,
787 2313 861 2398 plus
891 2312 1046 2398 profecto

89 2423 190 2502 quum
211 2405 263 2466 est
285 2399 326 2466 eb
350 2401 457 2468 enimc
485 2401 672 2486 cuiusquam
700 2405 757 2468 aut
782 2401 916 2468 consilio
943 2400 1045 2468 homi-

91 2489 145 2554 nis
167 2488 376 2574 postulatum
419 2488 573 2574 Ignoscet
599 2489 680 2554 mihi
701 2490 740 2556 de
762 2511 814 2555 mo
836 2491 903 2592 ipsi
924 2490 1081 2575 aliquido

94 2578 305 2661 praedicanti3
332 2599 468 2661 quarum
489 2577 576 2642 onim
593 2581 630 2642 tu
648 2599 756 2644 rerum
772 2578 969 2664 cogitatione
985 2601 1045 2644 uos

94 2665 193 2730 levari
215 2665 417 2751 aegritudine
439 2666 583 2750 voluisti,
605 2687 715 2732 eurum
737 2667 834 2734 etiam
856 2688 1046 2733 commemo-

96 2754 219 2820 ratione
246 2754 394 2820 lenimur.
438 2752 565 2838 Itaque,
591 2756 780 2839 otmense,
807 2758 964 2840 quantum
990 2777 1046 2840 po-

96 2844 179 2926 tero,
205 2863 256 2907 me
281 2842 322 2907 ab
346 2841 494 2908 omnibus
517 2843 672 2908 molestiis
695 2847 729 2908 et
750 2844 925 2930 angoribus
949 2844 1047 2910 abdu-

98 2950 169 2995 cam
183 2930 440 3014 transferamque
458 2931 602 2998 animum
621 2931 662 2996 ad
685 2953 731 3014 ea,
753 2931 869 3016 quibus
890 2932 1047 2998 secundae
1071 2930 1073 2936 ’

101 3037 150 3082 res
180 3022 350 3103 ornantur,
386 3019 538 3084 adversae
570 3018 776 3102 adiuventur,
810 3023 979 3104 tecumque
1015 3024 1049 3086 et

98 3125 156 3170 ero
180 3110 321 3191 tentum,
351 3109 509 3190 quantum
538 3106 680 3191 potietur
705 3108 872 3192 utriusque
898 3111 987 3172 aetas
1015 3109 1049 3172 et

172 3350 220 3421 Ep.
240 3358 322 3421 13,.3
345 3352 447 3408 uideris
459 3352 631 3422 epemwru
667 3357 692 3408 4.
711 3349 1048 3418 cumiurnrerumdcrpcr.

107 3369 253 3491 (Memphi)
304 3423 429 3478 omuibus
452 3424 479 3478 ιι
502 3423 539 3478 Μ.
589 3423 753 3478 omniumd.
772 3422 861 3476 B.—
880 3419 1050 3489 postulatum

104 3488 171 3626 Q
180 3493 404 3635 mmmmm
421 3493 545 3606 llran.
591 3499 616 3548 t
643 3494 676 3548 dc
697 3509 738 3548 me
758 3492 816 3562 ipsi
838 3437 915 3559 (W).
960 3491 993 3545 dc
1009 3508 1050 3546 mc
