2556 3986
226 234 292 300 506
508 234 545 290 Μ.
565 234 689 294 TULLII
706 232 900 290 CICERONIS
917 277 920 283 .

227 381 406 464 equitatum
433 401 510 444 sane
536 378 689 444 idoneum
721 382 755 444 et
784 380 978 463 populorum
1008 378 1189 444 liberorum

227 489 403 553 regumque
431 467 591 534 sociorum
618 467 737 532 auxilia
764 467 947 533 voluntaria
970 467 1188 567 comparavis-

227 578 303 623 sem.
349 555 485 621 Interim
491 577 621 640 ,quum
644 555 784 620 exercitu
806 556 944 621 lustrato
966 555 1086 620 iterun
1109 552 1188 619 Cili·

227 645 311 710 ciam
342 646 447 709 facere
476 644 661 745 coepissem,
684 661 727 702 ιιι.
750 643 790 708 Κ.
820 642 906 728 Sept.
938 643 1038 728 legati
1066 663 1187 728 arege

227 731 448 818 Commageno
471 733 512 796 ad
535 754 586 797 me
608 733 699 797 missi
720 733 986 816 pertumultuose,
1008 753 1114 815 neque
1136 736 1187 794 ta-

115 859 120 866 ·
228 843 303 887 men
324 843 393 887 non
415 843 498 905 vere,
520 819 659 886 Parthos
681 821 716 885 in
735 818 860 905 Syriam
877 819 1032 884 transisse
1054 819 1186 884 nuntia·

192 931 210 979 ι
228 912 356 974 verunt:
379 931 442 994 quo
458 909 567 974 audito
582 909 788 974 vehementer
807 931 878 973 sum
891 911 1070 973 commotus
1085 929 1187 992 quum

228 997 266 1062 de
291 995 395 1082 Syria,
422 1001 493 1063 tum
521 998 559 1062 de
582 1019 654 1062 mea
679 997 861 1081 provincia,
888 995 927 1061 de
949 996 1073 1080 reliqua
1096 996 1187 1060 deni·

228 1108 289 1170 que
312 1085 400 1151 Asia.
454 1085 568 1171 Itaque
595 1085 770 1150 exercitum
801 1085 882 1150 mihi
914 1084 1096 1150 ducendum
1127 1106 1187 1168 per

228 1171 450 1259 Cappadociae
481 1174 648 1260 regionem
679 1195 763 1257 eam,
794 1195 876 1257 quae
907 1171 1053 1238 Ciliciam
1087 1173 1186 1238 attin-

251 1267 331 1347 eret,
353 1263 478 1346 putavi3
504 1284 595 1346 nam,
621 1263 650 1327 si
671 1283 723 1327 me
744 1263 785 1326 in
803 1260 947 1326 Ciliciam
975 1261 1186 1345 demisissem,

228 1285 373 1418 Ciliciam
396 1351 524 1436 quidem
546 1352 651 1434 ipsam
677 1354 809 1435 propter
835 1350 956 1416 montis
979 1349 1100 1414 Amani
1128 1371 1187 1418 na·

228 1443 335 1505 turam
357 1440 451 1504 facile
473 1440 649 1504 tenuissem
663 1438 783 1506 -duo
807 1441 884 1504 sunt
906 1438 993 1504 enim
1020 1438 1127 1504 aditus
1149 1438 1187 1504 in
1275 1443 1276 1468 ¹

228 1525 373 1592 Ciliciam
405 1547 444 1591 ex
471 1525 577 1611 Syria,
604 1548 741 1610 quorum
767 1529 901 1610 uterque
928 1526 1037 1610 parvis
1065 1527 1186 1611 praesi-

228 1615 289 1680 diis
321 1618 453 1699 propter
485 1615 650 1700 angustias
681 1615 851 1680 intercludi
886 1618 1008 1700 potest,
1043 1635 1103 1680 nec
1134 1618 1188 1680 est

228 1703 404 1788 quidquam
426 1701 539 1768 Cilicia
569 1706 683 1768 contra
705 1701 832 1789 Syriam
863 1703 1018 1768 munitius
1040 1739 1098 1788 —,
1128 1703 1187 1768 sed

228 1813 279 1858 me
298 1790 502 1877 Cappadocia
525 1792 683 1875 movebat,
705 1812 787 1876 quae
810 1794 901 1876 patet
923 1814 944 1856 a
963 1789 1057 1876 Syria
1078 1811 1185 1876 reges-

228 1902 289 1965 que
316 1880 415 1945 habet
440 1880 609 1963 finitimos,
641 1880 696 1964 qui
723 1880 850 1944 etiamsi
876 1883 952 1944 sunt
979 1881 1063 1944 clam
1090 1880 1185 1944 amici

228 1969 332 2053 nobis,
350 1973 460 2035 tamen
478 1972 588 2053 aperte
602 1966 754 2032 Parthis
745 1967 867 2034 mimici
885 1989 954 2034 esse
973 1990 1041 2034 non
1055 1967 1183 2032 audent.

228 2056 374 2142 Itaque
364 2080 400 2122 ιιι
423 2055 627 2142 Cappadocia
650 2059 792 2121 extrema
818 2077 887 2122 non
907 2057 1005 2142 longe
1032 2078 1053 2120 a
1076 2054 1183 2120 Tauro

228 2146 315 2230 apud
336 2146 491 2231 oppidum
513 2143 662 2230 Cybistra
688 2148 794 2210 cestra
815 2144 891 2228 feci,
917 2147 1016 2209 utet
1001 2141 1183 2209 tCilieiam

228 2237 336 2299 tuerer
367 2238 401 2298 et
431 2232 668 2318 Cappadociam
701 2236 816 2297 tenens
852 2254 937 2298 nova
973 2233 1184 2298 finitimorum

194 2323 363 2393 tconsilia
393 2322 590 2406 impedirem.
649 2319 818 2386 Interea
809 2341 844 2386 ιιι
874 2321 983 2386 hcet
968 2324 1061 2387 tanto
1093 2323 1183 2386 motu

228 2414 384 2512 tantaque
407 2410 644 2494 exspectatione
666 2409 798 2475 maximi
821 2407 898 2474 belli
924 2429 981 2473 rex
1003 2408 1183 2491 Deiotarus,

229 2499 282 2564 cui
313 2519 380 2564 non
411 2497 480 2562 sine
512 2518 610 2563 causa
635 2497 809 2580 plun'mum
836 2518 962 2581 semper
993 2500 1026 2563 et
1052 2519 1123 2563 meo
1152 2501 1184 2562 et

228 2590 286 2652 tuo
309 2589 343 2649 et
365 2589 457 2650 senat
457 2607 495 2650 us
443 2584 631 2651 tludieio
649 2585 752 2650 tribut
737 2589 807 2652 tum
824 2587 883 2670 est,
904 2586 954 2650 vir
972 2605 1072 2671 quum
1088 2585 1183 2650 bene-

229 2673 428 2740 volentiat
395 2677 428 2738 et
448 2673 512 2738 fide
535 2693 613 2758 erga
634 2674 791 2757 populum
811 2673 996 2740 Romanum
1018 2673 1184 2760 singulari,

228 2765 299 2827 tum
330 2762 509 2846 praestanti
538 2761 762 2863 magnitudine
793 2765 826 2826 et
857 2763 957 2826 animi
988 2765 1022 2828 et
1050 2762 1185 2845 consilii,

229 2849 355 2951 legatos
387 2851 427 2916 ad
455 2872 506 2918 me
535 2851 623 2916 misit
650 2872 683 2915 se
711 2871 784 2917 cum
811 2851 960 2916 omnibus
988 2851 1054 2916 suis
1083 2851 1184 2934 copiis

229 2939 265 3004 in
287 2961 358 3004 mea
381 2942 487 3004 castra
505 2959 574 3004 esse
592 2942 776 3041 venturum
799 2939 889 3005 cuius
907 2959 968 3026 ego
988 2938 1095 3005 studio
1115 2937 1185 3004 offi-

230 3027 342 3113 cioque
365 3029 544 3092 commotus
572 3028 625 3112 egi
652 3028 681 3092 ei
702 3048 761 3112 per
786 3027 911 3094 litteras
938 3027 1060 3113 gratiss
1087 3027 1185 3110 idque

194 3120 268 3186 eut
292 3118 470 3194 maturaret
495 3115 645 3180 hortatus
672 3137 752 3182 sum
797 3114 903 3192 Quum
925 3119 1034 3180 autem
1060 3115 1102 3181 ad
1125 3111 1185 3198 Cy-

229 3204 332 3270 bistra
361 3205 494 3287 propter
520 3203 679 3269 rationem
710 3203 787 3268 belli
819 3204 959 3288 quinque
987 3203 1054 3268 dies
1082 3224 1186 3270 essem

229 3294 387 3373 moratus,
421 3311 532 3376 regem
567 3290 834 3375 Ariobarzanem,
870 3292 961 3356 cuius
997 3292 1134 3356 salutem
1166 3314 1186 3356 s

230 3381 345 3442 senatu
376 3382 409 3442 te
437 3383 566 3445 auctore
596 3379 852 3444 commendatam
883 3379 1056 3463 habebam,
1094 3401 1186 3465 prae-

221 3468 303 3536 ¹sent
289 3465 375 3530 tibus
388 3467 513 3531 insidiis
531 3467 795 3567 necopinantem
797 3467 939 3550 liberavi,
957 3488 1061 3552 neque
1081 3469 1186 3534 solum

230 3551 259 3616 ei
283 3552 379 3618 saluti
400 3554 462 3639 fui,
489 3554 545 3618 sed
567 3553 666 3618 etiam
688 3554 810 3637 emavi,
839 3557 876 3620 ut
898 3577 971 3619 cum
994 3555 1186 3621 auctoritate
