2568 3980
362 152 622 212 nrrsremaun
639 107 673 208 r.
693 158 718 208 c.
737 159 761 208 s.
979 153 1042 222 127

99 319 157 363 non
181 298 394 381 committam,
419 300 458 362 ut
484 296 546 362 tibi
571 297 635 382 ipsi
660 297 803 362 insanire
830 296 947 364 ridear.
992 297 1044 364 Ea

99 408 168 470 quae
185 387 251 464 sint
268 390 302 451 et
320 386 510 469 cuiusmodi,
526 386 649 470 poteris
667 407 706 451 ex
723 385 905 470 Pomponio
924 407 1042 472 eogno-

99 496 181 540 scere.
215 473 324 559 Atque
343 475 450 559 ipsum
467 474 529 538 tibi
546 473 762 560 Pomponium
779 474 827 540 ita
845 476 1044 559 commendo,

99 566 141 648 ut,
169 585 364 648 quamquam
394 563 497 648 ipsius
530 585 627 628 causa
659 563 785 630 confido
817 566 851 627 te
880 561 1043 628 facturum

99 673 156 718 esse
175 651 299 736 emnia,
326 655 438 716 tamen
460 652 518 716 abs
545 654 578 715 te
600 651 663 718 hoc
685 654 808 736 petam,
835 654 885 736 ut,
912 651 941 717 si
967 653 1044 736 quid

98 741 179 805 inte
204 739 325 806 residet
352 740 488 805 amoris-
504 760 582 826 erga
608 761 674 825 me,
704 740 739 804 id
766 761 861 806 omne
888 740 924 804 in
950 738 1045 807 Pom·

98 828 176 914 ponii
196 829 331 914 negotio
356 829 520 896 ostendes:
549 828 613 896 hoe
639 828 720 894 mihi
746 828 828 894 nihil
850 829 976 916 gratius
997 828 1045 895 fa·

100 938 158 982 cere
178 921 281 1002 potes.

535 1109 592 1176 VL

228 1223 287 1278 Ser.
306 1223 413 1278 Itomae
430 1239 526 1279 mense
543 1223 692 1280 Decembri
710 1240 735 1278 a
753 1239 782 1278 u.
800 1239 824 1279 e.
844 1226 903 1280 692.

194 1347 231 1401 M.
259 1345 389 1403 CICERO
413 1346 440 1402 S.
462 1347 497 1403 D.
521 1347 553 1404 P.
577 1346 702 1404 SESTIO
725 1347 757 1408 L.
780 1347 811 1404 1¹¹.
834 1346 939 1414 PROQ.

156 1446 259 1524 Quum
283 1447 324 1511 ad
349 1468 402 1512 me
423 1446 542 1512 Decius
569 1447 720 1513 librarius
746 1447 889 1513 venisset
915 1449 1080 1534 egissetr

101 1536 884 1709 circumducerent
899 1541 1047 1711 tergit}

318 1671 327 1702 5

100 1713 150 1777 tibi
179 1713 319 1779 amicum
351 1712 588 1797 existimabam,
619 1717 743 1798 tamen,
774 1713 861 1798 quod
892 1715 1047 1779 memoria
1077 1713 1081 1720 ’

100 1802 251 1887 tenebam,
279 1800 458 1867 cuiusmodi
484 1802 526 1866 ed
548 1822 599 1866 me
621 1801 746 1868 litteras
773 1805 870 1868 antea
896 1803 1048 1888 misisses,

100 1910 158 1954 non
178 1889 401 1955 setis-credidi
422 1889 548 1956 homini
569 1891 734 1976 prudenti,
760 1894 830 1956 tam
856 1891 949 1956 vulda
976 1912 1046 1958 esse

100 1981 247 2044 mutatam
282 1979 484 2044 voluntatem
519 1982 624 2063 tuum3
662 1978 731 2062 sed,
766 1982 979 2064 posteaquam
1015 1983 1049 2044 et

101 2061 240 2133 Cornelia
271 2069 330 2132 tua
356 2065 542 2132 Terentiam
573 2067 726 2133 convenit
752 2069 786 2130 et
817 2086 878 2152 ege
905 2087 979 2132 eum
1011 2065 1048 2143 Q.

101 2151 240 2221 Cornelis
261 2155 391 2220 locutus
415 2177 496 2239 sum,
518 2155 652 2222 adhibui
674 2154 886 2241 diligentiam,
908 2154 1047 2238 quoties
1140 2180 1143 2186 ·

100 2263 224 2329 cumque
249 2246 381 2308 senatus
403 2243 479 2328 fuit,
506 2248 544 2309 ut
566 2245 724 2328 adessem,
752 2243 990 2328 plurimumque
1012 2243 1048 2308 in

101 2352 131 2397 sc
151 2333 276 2419 negotii
297 2332 407 2416 habui,
428 2336 466 2398 ut
488 2331 524 2408 Q.
538 2331 666 2398 Fufium
688 2332 856 2398 tribunum·
877 2333 920 2417 pl.
943 2335 976 2397 et
999 2349 1048 2397 ce·

100 2423 186 2506 teres,
206 2421 251 2487 ad
274 2442 355 2505 quos
381 2424 420 2486 tu
442 2421 631 2506 scripseras,
657 2442 806 2507 cogerem
832 2420 913 2487 mihi
939 2421 1048 2507 potius

101 2509 218 2576 credere
251 2531 349 2594 quam
379 2509 445 2574 tuis
476 2510 602 2574 litteris.
656 2507 797 2576 Omnino
828 2530 880 2574 res
910 2513 982 2576 teta
1012 2510 1049 2575 in

101 2619 235 2664 mensem
255 2597 444 2664 Ianuarium
469 2598 588 2664 reiecta
610 2600 693 2682 erat,
719 2597 776 2663 sed
802 2596 897 2662 facile
924 2598 1049 2664 obtine-

101 2685 194 2752 batur.
240 2685 314 2772 Ego
341 2689 400 2752 tue
428 2687 646 2772 gratulatione
673 2688 867 2770 commotus,
893 2687 980 2771 quod
1007 2685 1084 2756 adr
1219 2700 1224 2714 “

103 2796 146 2840 me
169 2776 296 2862 pridem
323 2775 497 2859 scripseras
523 2776 606 2840 velle
628 2778 662 2839 ts
688 2775 771 2841 bene
794 2774 936 2860 evenire,
962 2776 1049 2861 quod

105 2862 137 2927 de
153 2862 266 2930 Crasso
286 2864 418 2929 domum
435 2863 593 2950 emissem,
615 2863 678 2928 emi
701 2885 773 2928 eam
794 2864 899 2949 ipsam
917 2864 1049 2932 domum

106 2949 160 3016 He.
190 2951 326 3019 XXXV.
358 2952 525 3037 aliquanto
556 2956 632 3038 post
661 2955 753 3018 tuam
784 2953 1050 3038 gratulationem
1112 3014 1114 3019 .

107 3038 202 3126 itaque
231 3063 320 3108 nunc
351 3062 402 3106 me
429 3042 511 3108 scito
532 3044 663 3106 tantum
688 3041 807 3106 hebere
837 3041 920 3106 ceris
942 3039 1050 3123 alieni,

109 3131 140 3192 ut
157 3131 281 3216 cupiam
304 3130 483 3216 coniurare,
505 3131 532 3195 si
550 3131 721 3216 quisquam
737 3129 880 3214 recipiat,
902 3129 958 3193 sed
976 3148 1049 3212 par-

110 3215 158 3284 tim
177 3220 249 3286 odio
272 3218 397 3285 inducti
418 3240 470 3284 me
493 3220 667 3284 excludunt
693 3221 728 3283 et
753 3221 863 3303 aperte
889 3215 1050 3282 vindicem

32 3407 33 3410 ‘
167 3428 216 3501 sp.
236 3437 261 3500 s,
276 3436 301 3485 e.
338 3429 391 3484 tres
408 3429 465 3498 aa
481 3429 534 3484 ae.
553 3427 710 3496 (naa-cr.
746 3427 799 3482 aas
814 3427 874 3495 rau
890 3424 943 3478 aa.
961 3421 1050 3491 ma

110 3491 151 3570 Ep.
168 3507 191 3570 ὅ,
204 3508 229 3556 2.
265 3501 387 3558 redenis
403 3501 495 3555 tricies
512 3499 655 3569 quinquies
674 3497 760 3566 (ΨΜ
