2610 3980
371 235 631 291 EPISTOLARUM
649 235 695 292 IV.
715 241 739 291 5.
969 235 1030 301 101

97 379 129 444 ab
143 378 223 444 hisce
241 380 339 446 rebus
358 380 502 446 animum
520 402 558 446 ae
575 381 806 467 cogilclionem
823 384 914 446 tuam
932 402 1032 447 avoca

96 472 175 552 alque
200 490 237 534 ea
264 469 374 554 polius
400 469 616 556 reminiscere,
647 493 728 556 quae
756 471 856 556 digna
878 474 935 535 lua
961 491 1032 554 per·

96 579 162 623 sona
185 561 273 623 sunt:
300 559 404 643 illam,
432 559 584 644 quamdiu
612 561 641 624 ei
669 582 751 646 opus
771 560 884 645 fiucril,
906 559 1032 644 vixisse,

94 667 237 714 unacum
259 669 294 712 re
317 648 448 733 publica
469 648 577 734 fuisse,
598 652 641 734 le,
662 652 789 734 patrem
811 669 919 734 suum,
941 669 1032 732 prae·

93 740 193 822 iorem,
224 738 403 822 consulem,
435 759 589 824 augurem
615 738 747 822 vidisse,
775 736 1032 804 adolescentibus

93 824 237 911 primariis
259 829 399 911 nuptam
416 826 525 912 fuisse,
548 827 698 893 omnibus
720 826 815 893 bonis
838 847 939 912 prope
962 847 1032 910 per-

92 915 222 979 funciam
244 936 329 999 esse,
352 937 451 1000 quum
472 937 523 980 res
546 916 675 1000 publica
698 917 869 1000 occideret,
891 915 959 981 viia
981 935 1032 979 ex-

92 1004 222 1068 cessisse:
255 1004 333 1090 quid
364 1007 427 1089 esi,
459 1004 545 1089 quod
576 1008 612 1072 iu
640 1009 697 1071 aui
722 1005 779 1070 illc
806 1025 879 1070 cum
900 1003 1033 1068 fortuna

90 1092 141 1157 hoc
162 1093 292 1157 nomine
316 1093 406 1177 queri
432 1093 587 1177 possitis?
631 1093 779 1178 Denique
801 1091 871 1157 noli
897 1095 930 1156 ie
953 1091 1032 1156 obli-

90 1181 158 1245 visci
188 1179 374 1246 Ciceronem
407 1201 476 1246 esse
508 1185 542 1247 ei
568 1204 654 1266 eum,
686 1183 742 1267 qui
769 1181 841 1246 aliis
868 1179 1032 1246 consueris

89 1270 260 1355 praecipere
284 1274 317 1334 el
339 1271 415 1335 dare
443 1271 625 1355 consilium,
652 1293 756 1356 neque
782 1269 904 1335 imitari
929 1269 1032 1333 malos

87 1359 228 1443 medicos,
250 1358 306 1442 qui
328 1359 363 1424 in
386 1359 499 1424 alionis
521 1360 642 1426 morbis
660 1360 854 1444 profitentur
870 1362 980 1422 tenere
999 1377 1032 1421 se

88 1448 255 1512 medicinae
283 1447 463 1531 scientiam,
493 1448 558 1533 ipsi
584 1471 617 1514 se
650 1470 760 1514 curare
788 1469 856 1514 non
886 1449 1033 1532 possunt,

88 1537 135 1600 scd
156 1536 275 1621 potius,
298 1558 380 1621 quae
403 1536 474 1601 aliis
497 1538 680 1622 proscipere
704 1538 797 1622 soles,
821 1559 859 1602 ea
880 1538 950 1600 iulo
972 1534 1033 1599 cibi

87 1625 198 1690 subiice
222 1627 318 1710 abque
343 1625 428 1710 apud
451 1627 594 1692 animum
616 1648 770 1711 propone.
804 1624 922 1690 Nullus
941 1623 1068 1688 doloro

86 1718 140 1798 esi,
174 1735 270 1798 quem
301 1735 370 1779 non
400 1715 622 1800 longinquitas
653 1715 807 1799 temporis
839 1715 965 1779 minuat
996 1733 1033 1775 ac

85 1803 216 1867 mollial:
241 1802 303 1868 hoc
326 1805 358 1867 ie
382 1807 566 1887 exspectare
584 1808 711 1888 tempus
729 1804 790 1869 cibi
807 1807 902 1887 turpe
925 1804 975 1866 osi
997 1821 1034 1864 ac

84 1911 145 1956 non
169 1893 198 1956 ei
221 1891 270 1955 rei
293 1892 452 1976 sapientia
473 1896 530 1957 tua
552 1895 584 1957 te
603 1913 777 1958 occurrero.
813 1891 905 1968 Quod
929 1890 956 1954 si
979 1889 1034 1973 qui

83 1981 177 2044 eliam
198 1980 313 2046 inferis
337 2001 451 2046 sensus
473 1984 537 2065 esi,
560 1982 615 2066 qui
636 1981 723 2046 illius
745 1983 781 2046 in
803 1985 836 2046 ie
859 2000 950 2044 amor
971 1977 1035 2040 fuil

82 2068 247 2152 pietasque
274 2068 311 2132 in
338 2091 449 2134 omnes
477 2090 565 2154 suos,
591 2070 654 2135 hoc
680 2074 766 2135 cerlo
792 2069 849 2133 illa
875 2071 907 2132 le
930 2067 1035 2130 facere

82 2177 143 2222 non
168 2158 249 2222 vult.
298 2156 351 2222 Da
372 2157 434 2223 hoc
462 2158 511 2222 illi
532 2161 692 2243 morinos,
720 2159 761 2223 da
787 2154 902 2222 ceteris
925 2153 1036 2218 amicis

81 2266 112 2309 ac
134 2245 365 2330 familiaribus,
387 2247 442 2330 qui
460 2249 516 2311 ino
536 2247 645 2312 dolore
663 2249 817 2331 maerent,
840 2245 881 2311 da
903 2242 1036 2328 panias,

81 2337 121 2418 ut,
143 2335 174 2399 ai
197 2356 265 2419 qua
287 2335 322 2398 in
344 2355 379 2398 re
402 2357 484 2419 opus
502 2336 553 2419 sit,
576 2357 674 2420 opera
696 2340 729 2401 ei
751 2335 885 2401 consilio
907 2336 964 2398 buo
987 2331 1036 2396 uli

81 2423 189 2504 possib
238 2422 399 2507 Denique,
426 2424 579 2508 quoniam
601 2425 636 2489 in
659 2446 730 2490 eam
756 2425 922 2490 fortunam
944 2421 1035 2486 devo-

80 2512 195 2596 nimus,
220 2514 260 2576 ub
283 2512 380 2576 etiam
402 2511 477 2578 huic
494 2513 541 2577 rei
561 2514 655 2579 nobis
674 2513 877 2579 serviendum
895 2511 946 2596 sit,
968 2510 1037 2575 noli

80 2601 297 2684 committere,
323 2604 362 2674 ui
388 2601 557 2685 quisquam
579 2605 611 2666 bs
634 2605 728 2687 pulei
747 2623 816 2667 non
842 2605 910 2666 iam
937 2599 1038 2662 filiam

80 2709 173 2770 quam
212 2689 263 2753 rei
294 2687 442 2772 publicae
472 2693 619 2775 tempora
646 2693 679 2754 el
705 2690 841 2756 aliorum
869 2688 1037 2754 victoriam

80 2777 196 2862 lugere.
246 2776 347 2842 Plura
369 2799 419 2842 me
448 2779 488 2842 ad
511 2781 543 2843 te
567 2778 606 2843 de
628 2779 690 2844 hac
712 2801 746 2844 re
769 2778 907 2845 scribere
929 2777 1037 2861 pudeb,

78 2885 113 2928 ne
135 2867 257 2932 videar
279 2865 468 2951 prudentiae
495 2871 570 2932 luae
598 2867 755 2952 diffidere,
782 2888 893 2953 quare,
921 2865 949 2930 si
975 2864 1038 2930 hoc

79 2975 176 3020 unum
202 2971 416 3040 proposuero,
438 2955 536 3021 finem
559 2957 677 3021 faciam
699 2957 872 3022 scribendi:
899 2955 1037 3019 vidimus

78 3043 253 3128 aliquoties
278 3043 452 3108 secundam
473 3045 687 3128 pulcherrime
712 3049 745 3109 ’ce
767 3046 851 3110 ferre
872 3045 1039 3110 fortunam

78 3150 300 3218 magnamque
315 3153 354 3196 ex
368 3153 405 3196 ea
419 3154 453 3197 re
467 3135 499 3197 te
517 3134 646 3198 laudem
660 3134 772 3218 apisci3
795 3135 847 3199 fac
866 3129 1038 3216 aliquando
1081 3173 1084 3186 .

78 3217 303 3309 inlelligamus
327 3221 494 3286 adversam
516 3243 642 3307 quoque
665 3227 816 3308 leaeque
838 3223 921 3289 ferre
944 3239 1039 3304 posse

78 3326 178 3394 neque
205 3312 244 3376 id
267 3310 386 3394 maius,
409 3332 506 3395 quam
529 3310 656 3394 debeat,
678 3311 738 3376 cibi
761 3333 843 3377 onus
866 3309 976 3392 videri,
997 3329 1039 3372 ne

141 3521 198 3592 Ep.
225 3527 254 3588 5,
275 3527 299 3575 5.
352 3519 417 3574 aliis
436 3522 594 3590 praecipere
617 3520 678 3590 (L).
728 3537 754 3574 α.
778 3524 833 3574 tute
851 3535 897 3588 pr.
920 3518 992 3574 MBs
1005 3546 1038 3557 -

79 3588 173 3648 obiice
190 3592 317 3662 (vulgo).
352 3590 461 3646 subiace
479 3591 525 3660 M,
540 3593 569 3646 eb
587 3591 626 3646 sic
644 3591 674 3644 B.
694 3589 791 3645 voluit.
