2578 3978
257 188 302 256 68
541 188 579 245 Μ.
598 187 723 244 TULLII
740 186 932 244 CICERONIS

658 473 796 540 'XVIIL

343 604 400 664 Ser.
419 603 574 661 Laodiceae
591 604 706 660 insumo
724 621 820 661 mense
837 603 914 660 Maio
932 619 957 660 a
976 621 1003 660 n,
1021 620 1045 660 o.
1065 608 1126 661 τοι

310 747 348 804 M.
372 745 500 803 CICERO
523 745 597 802 nff.
621 745 648 802 S.
671 747 705 803 D.
731 745 763 814 Q.
786 744 940 801 THERMO
958 743 1163 800 Pnopnnnn.

224 879 239 929 1
304 864 455 932 Officium
480 886 588 932 meum
615 885 694 951 erga
718 863 913 930 Rhodonem
943 866 1112 948 ceteraque
1144 885 1222 930 mea
1283 865 1284 954 t

258 955 374 1040 studia,
396 976 478 1041 quae
500 954 562 1020 tibi
584 975 623 1018 ao
643 954 709 1020 tuis
731 953 888 1038 praestiti,
909 952 978 1037 tibi,
999 951 1126 1018 homini
1144 973 1221 1038 gra·
1283 955 1284 1028 t

257 1044 398 1129 tissimo‚
430 1047 524 1130 grato
554 1064 625 1109 essa
655 1042 863 1108 vehementer
898 1041 1037 1128 gaudee,
1071 1041 1222 1126 mihique

258 1134 340 1201 seito
366 1132 403 1198 in
429 1133 497 1198 dies
527 1132 643 1199 maiori
673 1153 768 1198 ouras
795 1151 865 1196 esse
894 1129 1087 1216 dignitatem
1114 1133 1222 1214 tuam,

256 1243 342 1306 quae
363 1221 493 1306 quidem
515 1242 536 1286 a
556 1223 590 1286 te
611 1221 683 1304 ipso
706 1220 894 1306 integritate
914 1223 948 1285 et
964 1219 1137 1286 elementia
1158 1222 1222 1284 tua
1283 1261 1284 1292 o

223 1311 315 1464 sibit
332 1309 627 1463 ”bittit-5⁸2
650 1312 698 1462 q
713 1308 796 1462 ¹:33²ss
814 1307 1222 1464 nossentne

257 1486 324 1552 tuis
355 1417 752 1572 cogitantiglplaoaigillbd
778 1419 887 1552 ninum
914 1485 1096 1570 eonsilium,
1128 1485 1222 1570 quod

257 1575 352 1640 initio
370 1573 518 1640 Aristoni
535 1577 658 1659 nostro,
676 1578 715 1639 ut
733 1574 774 1640 ad
791 1574 959 1658 mevenit,
981 1573 1119 1658 ostendi,
1141 1593 1222 1660 gra·

258 1685 314 1729 ves
335 1667 370 1728 te
388 1666 612 1748 suscepturum
628 1663 823 1748 inimicitias,
846 1663 874 1728 si
892 1662 1079 1728 adolescens
1096 1665 1221 1746 potens

256 1756 293 1817 et
313 1752 432 1818 nobilis
459 1773 480 1816 a
504 1754 538 1816 te
564 1751 745 1837 ignominia
771 1752 911 1826 affectus
932 1754 1025 1818 esset
1069 1749 1115 1816 Et
1142 1751 1221 1818 her·

258 1841 328 1906 aulo
351 1841 421 1907 sine
443 1839 541 1905 dubio
564 1841 626 1905 erit
651 1840 844 1926 ignominia3
871 1839 974 1906 habes
1001 1839 1088 1906 enim
1113 1841 1221 1906 nerni-
1283 1857 1284 1936 q

257 1949 334 1994 nem
350 1929 484 1994 honoris
503 1928 607 2014 gradu
624 1929 831 2014 superiorem,
851 1928 906 1993 ille
925 1931 1042 2013 autem,
1064 1930 1102 1998 ut
1120 1928 1221 1994 omit-

257 2019 327 2083 tam
361 2017 579 2102 nobilitatem,
613 2014 677 2083 hoo
706 2017 778 2102 ipso
814 2016 916 2087 vineit
952 2017 1040 2082 viros
1057 2017 1221 2101 optimos

256 2106 469 2192 hominesque
490 2105 788 2191 innocentissimos,
809 2106 937 2190 legatos
959 2108 1048 2188 tuos,
1071 2104 1160 2188 quod
1185 2109 1221 2171 et
1283 2103 1284 2148 ¹

257 2198 411 2279 quaestor
432 2197 483 2260 est
505 2197 538 2260 ot
560 2197 712 2279 quaestor
733 2197 818 2258 tuus.
863 2192 988 2265 Nocere
1010 2193 1072 2258 tibi
1093 2193 1221 2260 iratum

256 2284 420 2348 nominem
446 2303 543 2366 posse
569 2281 743 2367 perspicio,
773 2282 831 2348 sed
861 2286 972 2348 tamen
997 2284 1064 2348 tres
1095 2281 1221 2348 fratres

257 2391 383 2438 summo
414 2371 487 2436 looo
519 2373 628 2455 natos,
658 2373 841 2457 promptos,
875 2391 945 2436 non
975 2370 1151 2436 indisertus
1183 2373 1221 2435 te

256 2457 334 2524 nolo
363 2455 483 2523 habero
514 2458 629 2543 iratos,
660 2459 729 2524 iure
760 2459 963 2543 praesertim:
1002 2480 1083 2543 quos
1119 2458 1221 2525 video

221 2545 408 2631 adeinoeps
430 2546 579 2613 tribunos
605 2547 649 2632 pl.
670 2568 729 2631 per
750 2547 927 2612 triennium
954 2547 1040 2631 fore;
1065 2549 1222 2631 tempora

256 2637 366 2700 autem
396 2633 616 2719 reipublicae
644 2635 753 2721 qualia
777 2635 889 2702 futura
914 2634 994 2720 sint,
1026 2635 1099 2720 quis
1130 2635 1221 2704 soit?

256 2721 337 2788 mihi
359 2722 488 2808 quidem
508 2723 697 2788 turbulenta
717 2723 868 2791 videntur
887 2723 967 2790 fora.
1008 2720 1074 2790 Gur
1096 2741 1160 2810 ego
1184 2727 1221 2790 te

255 2810 353 2876 velim
383 2810 524 2876 incidere
555 2811 590 2876 in
620 2815 759 2877 terrores
790 2811 994 2896 tribuniano,
1022 2813 1220 2896 praesertim

251 2920 356 2984 quum
379 2899 448 2963 sine
471 2899 660 2984 cuiusquam
682 2899 931 2984 reprehensione
954 2901 1149 2985 quaestoriis
1173 2901 1221 2966 le-

256 2987 343 3074 gatis
361 2989 566 3071 quaestorem
582 2988 689 3072 possis
703 2987 884 3055 anteferre?
908 2989 964 3073 qui
982 2989 1011 3054 si
1027 3009 1061 3056 se
1078 2989 1220 3074 dignum

256 3074 432 3141 maioribus
464 3075 531 3142 suis
557 3077 754 3160 praebuerit,
785 3079 823 3141 ut
849 3097 944 3161 spero
971 3079 1006 3142 et
1031 3080 1125 3162 opto,
1158 3081 1221 3144 tua

255 3164 328 3229 laus
358 3184 398 3228 ox
429 3163 537 3248 aliqua
567 3167 659 3248 parte
689 3163 801 3248 fuerin
837 3163 890 3230 sin
920 3164 997 3250 quid
1034 3164 1222 3250 offenderit,

256 3251 319 3316 sibi
340 3253 459 3336 toturn,
480 3251 563 3317 nihil
585 3251 647 3316 tibi
669 3252 846 3318 offenderit.
891 3251 979 3328 Quae
1002 3253 1084 3317 mihi
1107 3252 1221 3319 venie·

255 3339 337 3403 bant
358 3338 394 3402 in
415 3343 578 3426 mentem„
597 3361 678 3424 quae
707 3339 748 3405 ad
774 3343 807 3405 te
833 3340 995 3426 pertinere
1023 3342 1222 3427 arbitrabar,

256 3425 343 3509 quod
365 3425 401 3490 in
416 3424 561 3492 Ciliciam
582 3427 819 3515 proficiscebar,
841 3429 1022 3496 existimari
1045 3451 1097 3494 me
1121 3430 1166 3494 ad
1185 3433 1221 3496 to

256 3515 405 3596 oportere
428 3514 579 3580 seribere:
605 3516 643 3579 tu
670 3515 756 3600 quod
779 3516 896 3603 egeris,
924 3515 959 3580 id
980 3517 1080 3584 velim
1103 3517 1137 3582 di
1161 3539 1221 3604 ap·
