2636 3986
249 255 315 320 478
531 253 569 308 rr.
588 251 712 308 muru
731 215 925 307 cicaaouis

250 399 369 466 multos
396 399 497 464 libros
529 395 736 481 surripuisset
761 417 821 461 nec
849 417 882 461 se
909 396 1041 481 impune
1067 397 1212 463 laturum

250 491 387 572 putaret,
410 485 544 572 aufugit.
589 483 623 550 Is
646 488 697 549 est
721 483 757 548 in
783 484 950 568 provincia
975 487 1046 550 tua:
1075 507 1149 550 eum
1175 492 1215 551 et

249 575 294 642 M.
316 575 471 656 Bolanus,
493 593 578 638 naeus
599 572 783 656 familiaris,
805 573 955 637 etmulti
979 573 1034 638 alii
1056 571 1213 639 Naronae

250 664 407 748 viderunt,
429 663 495 746 sed,
516 683 615 746 quum
638 683 672 726 se
695 683 715 725 a
736 681 788 725 me
811 661 1045 726 manumissum
1069 683 1138 727 esse
1162 663 1213 728 di-

250 756 349 834 ceret,
371 750 581 818 crediderunt.
629 747 727 814 Hunc
752 753 790 814 tu
817 749 845 814 ai
871 750 952 815 mihi
974 750 1211 816 restituendum

251 842 381 922 curaris,
404 861 471 906 non
493 860 627 923 possum
649 838 762 920 dicere,
785 858 883 922 quam
904 838 985 903 mihi
1007 843 1136 923 gratum
1158 840 1211 904 fu·

248 933 359 994 turum
382 929 438 993 sit:
470 949 522 993 res
552 927 634 1012 ipsa,
656 947 769 1010 parva,
802 925 858 991 sed
889 927 989 992 animi
1021 927 1084 992 mei
1116 926 1211 992 dolor

250 1037 387 1103 magnus
411 1020 468 1082 est
512 1013 578 1081 Ubi
605 1016 649 1080 sit
675 1019 709 1080 et
730 1014 807 1098 quid
827 1014 897 1078 fieri
923 1015 1041 1100 possit,
1062 1013 1209 1082 Bolanus

250 1110 283 1170 te
320 1105 459 1172 docebit:
496 1124 557 1189 ego
593 1103 622 1168 si
657 1102 821 1170 hominem
857 1123 914 1187 per
945 1107 977 1168 te
1008 1125 1210 1190 recuperaro,

251 1215 377 1261 summo
399 1215 451 1259 me
473 1214 494 1258 a
516 1196 549 1256 te
571 1192 727 1256 beneficio
750 1191 900 1258 affectum
923 1192 1113 1258 arbitrabor.

638 1384 817 1459 LXXVIII.

440 1495 498 1554 Ser.
516 1497 621 1552 Romae
639 1497 755 1553 ineunte
774 1513 847 1552 anno
866 1515 892 1552 u.
911 1513 936 1554 o.
956 1503 1014 1554 ⁷0⁸.

470 1621 507 1676 M.
527 1619 658 1676 CICERO
676 1620 711 1674 A.
731 1620 893 1678 ALLIENO
913 1620 988 1677 SAL.

215 1734 229 1783 ι
315 1719 519 1788 Democritus
546 1718 713 1804 Sicyonius
740 1742 807 1785 non
835 1722 938 1787 solum
969 1722 1087 1806 hospes
1115 1745 1207 1788 meus

248 1814 312 1896 est,
339 1811 396 1878 sed
423 1811 533 1893 etiam,
561 1809 648 1894 quod
673 1830 742 1878 non
768 1811 879 1876 multis
902 1811 1051 1896 contigit,
1074 1809 1207 1877 Graecis

248 1899 446 1986 praesertim,
468 1898 560 1963 valde
578 1897 760 1982 familiaris,
784 1903 834 1963 est
851 1899 937 1963 enim
959 1899 994 1964 in
1018 1921 1055 1964 eo
1079 1921 1206 1966 summo

247 1989 403 2074 probitas,
425 2008 551 2054 summa
572 1986 688 2070 virtus,
715 2008 841 2051 summa
862 1987 896 2051 in
919 1987 1063 2071 hospites
1090 1988 1205 2053 libera·

248 2078 324 2144 litas
346 2079 380 2141 et
401 2073 619 2159 observantia,
641 2094 755 2159 meque
777 2079 905 2160 praeter
927 2079 1050 2140 eeteros
1073 2080 1106 2142 et
1128 2078 1207 2142 colit
1305 2151 1306 2160 χ

201 2215 205 2222 .
248 2169 282 2230 et
308 2165 458 2231 observat
485 2167 518 2229 et
545 2161 664 2248 diligit:
692 2185 766 2228 eum
792 2167 829 2227 tu
855 2185 923 2228 non
950 2164 1045 2230 modo
1073 2186 1206 2231 suorum

248 2255 378 2337 civium,
400 2267 511 2319 verum
532 2273 634 2337 paene
656 2249 799 2316 Achaiae
821 2251 999 2336 principem
1021 2273 1205 2338 cognosces.

213 2354 229 2403 a
247 2341 334 2408 Huic
356 2362 417 2427 ego
434 2338 660 2408 tantummodo
678 2340 801 2404 aditum
819 2340 860 2405 ad
876 2343 968 2406 tuam
985 2342 1205 2426 cognitionem
1304 2377 1305 2380 ¹

246 2430 406 2514 patefacio
433 2432 466 2493 et
491 2428 617 2493 munio:
644 2428 809 2512 cognitum
836 2451 894 2514 per
919 2432 952 2494 te
978 2430 1098 2513 ipsum,
1122 2453 1204 2515 quae

246 2522 305 2584 tua
326 2520 443 2582 natura
465 2520 523 2599 est,
545 2515 679 2600 dignum
701 2519 759 2580 tua
780 2517 922 2582 amicitia
944 2521 1039 2601 atque
1061 2519 1204 2604 hospitio

246 2605 412 2672 iudicabis.
457 2604 538 2669 Peto
568 2603 669 2688 igitur
691 2626 712 2668 a
737 2607 784 2688 te,
814 2609 852 2670 ut
881 2605 938 2670 his.
965 2606 1080 2671 litteris
1112 2607 1203 2672 lectis

246 2693 382 2780 recipias
405 2714 479 2758 eum
504 2693 540 2757 in
570 2695 661 2756 tuam
689 2692 797 2772 fidem,
828 2694 998 2778 polliceare
1031 2696 1141 2760 omnia
1171 2700 1204 2760 te
1303 2699 1304 2718 ³

247 2783 406 2849 facturum
429 2803 501 2847 mea
519 2801 629 2865 causa,
652 2781 691 2846 do
709 2781 841 2867 reliquo,
864 2782 900 2865 si,
921 2782 955 2846 id
974 2783 1060 2866 quod
1078 2783 1204 2850 confido
1303 2779 1304 2794 ¹

246 2871 325 2956 fore,
348 2871 482 2957 dignum
505 2892 579 2935 eum
604 2873 662 2934 tua
689 2870 831 2934 amicitia
857 2869 1062 2956 hospitioque
1085 2892 1204 2957 cogno-

246 2960 344 3044 veris,
375 2963 465 3046 peto,
496 2963 534 3034 ut
560 2981 634 3024 eum
661 2959 886 3044 complectare,
917 2958 1047 3042 diligas,
1075 2959 1111 3023 in
1137 2961 1205 3026 tuis

246 3049 381 3114 habeas:
409 3048 471 3114 erit
495 3047 529 3112 id
555 3046 636 3112 mihi
663 3046 819 3112 maiorem
844 3046 880 3112 in
906 3047 1038 3112 modum
1065 3052 1206 3132 gratum.
1302 3059 1303 3064 ’

249 3135 340 3203 Vale.

317 3328 369 3400 Ep.
389 3333 469 3383 lte.
506 3325 642 3393 Bolanus,
658 3325 681 3394 f.
699 3342 773 3382 meae
791 3323 880 3397 (ΜΡ
916 3341 990 3382 meus
1008 3343 1061 3382 om.
1079 3326 1117 3383 lt.
