2578 3982
96 242 149 297 DE
164 241 362 298 ΡΕΤΙΤΙΟΝΕ
376 239 527 297 CONSUL.
541 239 591 295 AD
604 241 642 295 M.
656 239 831 296 FRATREM
841 246 900 296 24-
912 249 955 297 31.
987 240 1053 306 653

96 386 156 470 qui
177 386 314 470 incipiat
334 383 498 452 Antonius
519 383 668 451 homines
690 384 865 470 adiungere
887 387 982 470 atque
1005 387 1053 450 in·

97 475 202 539 vitare
224 475 266 539 ad
284 473 468 554 amicitiam,
485 494 566 556 quos
585 494 643 556 per
661 495 694 538 se
713 495 772 538 suo
792 473 922 539 nomine
946 475 1052 558 appel-

96 563 168 626 lare
189 582 258 626 non
279 561 403 646 possit?
425 561 505 626 mibi
528 560 658 645 quidem
679 561 761 626 nihil
779 562 860 626 stult
859 562 909 626 ius
927 561 1054 632 uidetur

97 671 197 733 quam
219 649 401 714 existimare
419 669 488 715 esse
506 669 580 713 eum
598 648 777 714 studiosum
793 650 851 734 tui,
873 669 968 733 quem
985 671 1053 715 non

97 738 197 802 noris.
245 736 408 802 Eximiam
436 737 599 820 quandam
629 737 766 823 gloriam
797 742 831 802 et
862 736 1059 825 dignitatem

98 847 137 890 ac
164 846 271 892 rerum
299 829 463 910 gestarum
489 824 746 926 magnitudinem
771 845 841 890 esse
868 827 1027 909 oportet
1017 847 1054 890 m

98 935 152 997 eo,
179 933 275 998 quem
296 914 444 978 homines
472 913 579 998 ignoti
600 913 698 978 nullis
721 913 972 998 suffragantibus
994 913 1052 978 ho

97 1022 179 1066 nore
197 1001 414 1084 afficiant3t
376 1024 398 1066 n
399 1001 560 1103 tequidem
578 999 675 1066 borno
695 1021 843 1085 nequam,
864 1002 961 1084 iners,
983 1003 1052 1066 sine

98 1089 221 1173 officio,
253 1089 322 1156 sine
352 1077 499 1191 ingenio,
530 1109 604 1153 cum
634 1089 782 1172 infamia,
812 1089 910 1154 nullis
943 1089 1052 1154 amicis

97 1177 263 1242 hominem
293 1177 505 1261 plurimorum
537 1176 643 1242 studio
672 1180 768 1260 atque
796 1177 940 1242 omnium
966 1177 1054 1242 bona

98 1264 337 1331 existimatione
350 1265 511 1330 munitum
524 1269 720 1348 praecurrat,
738 1265 807 1329 sine
824 1285 946 1349 magna
959 1265 1053 1348 eulpa

97 1353 317 1439 negligentiae
343 1352 413 1418 fieri
439 1373 507 1419 non
535 1355 594 1454 pot
595 1355 652 1417 est.
697 1351 914 1428 Quamobrem
941 1343 1092 1448 omnes8
1221 1360 1225 1366 '

97 1441 260 1506 centurias
282 1441 393 1507 multis
421 1443 454 1505 et
474 1441 572 1505 variis
600 1439 748 1506 amicitiis
776 1461 853 1506 cura
879 1443 917 1504 ιιι
939 1408 1092 1506 confir-²⁹

97 1533 203 1594 metas
230 1528 360 1594 babeas.
408 1528 454 1593 Et
480 1528 633 1612 primum,
663 1528 697 1593 id
724 1527 811 1613 quod
840 1531 915 1593 ante
943 1529 1053 1594 oculos

96 1620 157 1700 est,
179 1620 344 1682 senatores
367 1617 553 1701 equitesque
572 1615 747 1699 Romanos,
768 1620 947 1682 ceterorum
970 1616 1053 1682 crdi-

97 1725 177 1768 num
190 1724 292 1769 navos
305 1703 453 1769 homines
471 1708 505 1768 et
522 1705 683 1788 gratiosos
701 1705 921 1787 complectere.
956 1703 1052 1768 Multi

97 1791 246 1856 homines
272 1791 390 1856 urbani
420 1791 585 1873 industrii,
615 1791 710 1855 multi
740 1791 883 1855 libertini
913 1791 950 1854 in
980 1791 1052 1856 foro

98 1878 234 1964 gratiosi
260 1879 398 1961 narique
425 1881 607 1943 versantur:
637 1898 718 1962 quos
743 1899 803 1961 per
824 1881 871 1962 te,
892 1899 973 1962 quos
995 1901 1054 1962 per

98 1985 285 2031 communes
312 1967 432 2031 amicos
459 1965 594 2050 poteris,
621 1986 747 2030 summa
769 1985 859 2048 cura,
886 1970 923 2029 ιιι
946 1967 1053 2050 cupidi

97 2055 147 2118 ιιιι
170 2055 245 2137 sint,
267 2053 446 2119 elaborato:
470 2053 623 2137 appetito,
641 2053 791 2138 allegato,
813 2075 938 2118 summo
956 2053 1052 2119 bene-

97 2142 171 2208 ficio
198 2145 231 2206 te
258 2141 343 2206 affici
371 2141 542 2207 ostendito.
590 2140 716 2206 Deinde
742 2140 862 2206 habeto
893 2141 1052 2206 rationem
1066 2160 1093 2200 ιι

98 2229 187 2294 urbis
209 2230 323 2294 totins:
346 2230 556 2314 collegiorum
578 2228 731 2312 omnium,
752 2248 921 2314 pagorum,
943 2229 1053 2294 vicini-

98 2320 219 2382 tatum:
246 2335 286 2382 ex
311 2317 352 2381 iis
374 2317 536 2402 principes
562 2317 603 2380 ad
631 2316 805 2381 amicitiam
830 2319 922 2380 tuem
949 2317 976 2381 si
999 2318 1053 2382 ad·

97 2406 251 2489 iunxeris,
272 2425 331 2489 per
348 2425 403 2471 ecs
421 2405 578 2488 reliquam
595 2404 835 2469 multitudinem
852 2403 948 2469 facile
965 2407 1053 2470 tane·

97 2493 157 2558 bis.
210 2491 329 2559 Postea
358 2495 463 2558 totam
494 2492 623 2558 Italiam
653 2492 706 2556 fao
737 2495 775 2558 ut
808 2493 845 2557 in
876 2492 983 2557 animo
1016 2513 1054 2557 ac

99 2579 253 2646 memoria
274 2581 422 2646 tributim
440 2580 634 2664 descriptam
652 2580 980 2664 comprehensamque
996 2579 1053 2645 ba·

99 2667 185 2750 beas,
206 2687 249 2731 ne
271 2668 358 2750 quod
375 2668 596 2751 municipium,
618 2669 788 2750 coloniam,
808 2668 1055 2751 praefecturam,

98 2755 206 2820 locum
237 2754 376 2839 denique
406 2754 520 2820 Italiae
551 2775 593 2818 nc
625 2775 720 2836 quem
750 2775 819 2818 esse
851 2755 988 2838 patiare,
1018 2755 1055 2818 in

100 2864 163 2926 quo
186 2863 255 2906 non
276 2842 398 2906 habeas
420 2841 615 2906 firmamenti
638 2841 724 2924 quod
746 2841 826 2906 satis
850 2863 919 2906 esse
942 2842 1054 2943 possit,

98 2929 265 3015 perquiras
292 2933 326 2994 et
351 2929 526 3014 investiges
552 2928 701 2995 homines
729 2951 781 2994 ex*
794 2930 884 2994 omni
912 2929 1053 3015 regione,
1067 2955 1092 2997 ιι

99 3038 216 3102 eosque
239 3037 430 3102 cognoscas,
453 3020 600 3101 appetas,
623 3017 806 3100 confirmes,
829 3037 982 3101 eures,u
960 3018 1054 3082 uint

99 3104 166 3170 suis
197 3105 344 3170 vicinitat
330 3105 417 3170 tibus
448 3105 509 3169 tibi
539 3108 653 3188 petant
684 3108 718 3169 et
747 3107 806 3169 tua
837 3125 934 3170 causa
961 3105 1054 3188 quasi

100 3193 262 3258 candidati
235 3194 363 3258 taint.
340 3191 530 3258 tVolent
555 3195 589 3257 te
616 3193 767 3276 amicum,
799 3191 828 3257 si
854 3214 946 3258 suam
974 3214 995 3256 a
1020 3196 1053 3257 te

100 3281 273 3346 amicitiam
299 3281 405 3366 expeti
431 3281 599 3346 videbuntz
631 3280 664 3344 id
691 3283 729 3346 ιιι
756 3281 956 3366 intelligant,
984 3301 1053 3345 ora·

100 3369 186 3436 tione
210 3391 262 3454 ea,
285 3389 366 3454 quae
389 3368 430 3434 ad
453 3389 525 3434 eam
546 3367 707 3434 rationem
728 3369 882 3452 pertinet,
904 3367 1053 3432 habenda

168 3565 194 3627 8,
208 3565 251 3614 81.
274 3560 423 3629 perquiras
436 3564 461 3616 ct
475 3559 563 3630 (Ειι).
597 3575 626 3628 p.
645 3559 728 3616 dium
740 3559 835 3632 vulgo.
