2636 3986
223 247 291 312 440
507 245 544 300 ld.
564 243 687 299 TULLII
705 241 896 300 CICERONIS

640 473 761 542 XXIV.

480 586 537 646 Sor.
564 588 670 646 Romae
698 606 723 644 a.
750 607 777 643 u.
805 605 829 644 c.
858 594 917 644 708.

512 711 640 768 CICERO
661 711 792 768 SERVIO
815 711 890 768 SAL.

189 828 204 876 r
293 817 397 892 Quum
424 817 521 878 antea
548 813 714 897 capiebam
736 834 775 878 ex
803 813 909 879 officio
939 833 1010 878 meo
1033 811 1184 895 volupta-

223 908 299 988 tem,
322 903 408 988 quod
431 902 661 984 memineram,
680 923 777 985 quam
804 901 865 967 tibi
888 901 1059 986 diligenter
1082 899 1183 984 Lyso-

223 1013 308 1077 nem,
325 991 487 1076 hospitem
506 994 539 1055 et
555 990 747 1055 familiarem
761 1011 877 1074 meum,
898 988 1183 1072 commendassem,

223 1085 294 1146 tum
316 1101 406 1165 vero,
433 1081 644 1164 posteaquam
667 1100 706 1143 cx
727 1077 844 1143 litteris
868 1078 935 1144 eius
959 1077 1100 1162 cognovi
1120 1077 1182 1140 tibi

225 1190 298 1235 eum
320 1169 404 1236 falso
427 1171 612 1253 suspectum
638 1167 751 1252 fuisse,
779 1166 1060 1232 vehementissime
1082 1166 1181 1230 laeta-

224 1262 277 1324 tus
309 1279 381 1324 sum
407 1279 458 1322 me
485 1261 553 1321 tam
576 1255 763 1340 diligentem
793 1256 829 1320 in
860 1277 898 1321 eo
926 1253 1180 1320 commendando

224 1347 337 1430 fuisse,
359 1347 406 1410 ita
424 1344 510 1410 enim
528 1345 657 1428 scripsit
675 1344 795 1428 adme,
817 1344 878 1408 sibi
895 1365 1001 1408 meam
1020 1362 1179 1408 commen·

225 1435 389 1500 dationem
411 1433 550 1499 maximo
574 1432 759 1498 adiumento
777 1431 885 1517 fnisse,
909 1431 995 1516 quod
1018 1431 1060 1496 ad
1077 1435 1110 1495 te
1129 1431 1179 1494 dc·

224 1524 328 1587 latum
351 1521 471 1586 diceret
493 1541 562 1586 sese
585 1524 699 1586 contra
726 1520 918 1607 dignitatem
944 1524 1036 1585 tuam
1058 1519 1180 1595 Romae

191 1628 206 1670 a
227 1612 265 1676 de
288 1614 321 1674 te
343 1609 433 1694 loqui
456 1609 587 1674 solitum
609 1623 692 1692 esse,
714 1609 753 1673 de
777 1630 840 1694 quo
864 1610 924 1674 etsi
947 1631 1006 1694 pro
1024 1611 1083 1673 tua
1104 1607 1179 1673 faci·

225 1700 317 1764 litate
341 1702 374 1764 et
394 1697 596 1763 humanitate
622 1700 797 1783 purgatum
825 1719 858 1763 sc
880 1697 941 1762 tibi
968 1697 1082 1763 scribit
1104 1717 1181 1780 esse,

225 1791 336 1854 tamen
356 1786 506 1873 primum,
527 1789 566 1850 ut
583 1785 693 1870 debeo,
715 1785 776 1850 tibi
793 1786 949 1854 maximas
968 1785 1090 1871 gratias
1110 1805 1179 1870 ago,

226 1877 313 1961 quod
335 1880 463 1942 tantum
486 1875 612 1940 litterae
639 1896 729 1938 meae
751 1877 940 1959 potuerunt,
967 1877 1005 1938 ut
1027 1874 1067 1939 iis
1089 1873 1178 1938 lectis

227 1987 355 2030 omnem
378 1964 588 2031 offensionem
611 1963 816 2048 suspicionis,
839 1984 936 2048 quam
958 1961 1118 2028 habueras
1141 1962 1178 2025 de

225 2059 365 2138 Lysone,
397 2054 587 2138 deponeres,
617 2051 732 2116 deinde
759 2051 870 2116 credas
898 2050 978 2116 mihi
1006 2050 1178 2116 affirmanti

225 2143 322 2206 velim
351 2163 402 2208 me
433 2141 496 2206 hoc
526 2162 595 2206 non
620 2161 680 2224 pro
708 2139 837 2224 Lysone
866 2139 970 2225 magis
998 2161 1095 2224 quam
1121 2151 1178 2223 pro

227 2231 376 2296 omnibus
399 2229 546 2314 scribere,
566 2229 731 2294 hominem
749 2249 819 2294 esso
841 2229 1013 2312 neminem,
1036 2228 1091 2312 qui
1113 2249 1179 2291 um·

222 2317 323 2403 'quam
346 2319 543 2383 mentionem
565 2318 614 2382 tui
636 2317 705 2382 sine
723 2321 780 2382 tua
798 2337 924 2382 summa
945 2316 1041 2381 laude
1061 2315 1180 2399 fecerit,

226 2406 312 2491 Lyso
325 2427 412 2490 vero,
429 2427 529 2490 quum
541 2427 667 2470 mecum
679 2426 779 2489 prope
798 2405 941 2489 quotidie
955 2407 1041 2470 esset
1053 2425 1179 2488 unaque

227 2495 357 2577 viveret,
378 2515 446 2558 non
465 2493 578 2576 solum,
596 2493 672 2578 quia
688 2493 827 2558 libenter
844 2512 896 2558 me
914 2493 1024 2560 audire
1047 2493 1179 2558 arbitra»

226 2581 335 2663 batur,
367 2581 422 2646 sed
454 2581 529 2664 quia
559 2580 712 2646 libentius
743 2582 812 2666 ipse
839 2581 1046 2666 loquebatur,
1073 2579 1180 2648 omnia

192 2669 307 2734 smihi
333 2673 390 2734 tua
417 2673 450 2736 et
478 2669 566 2734 facta
592 2673 625 2733 et
651 2669 737 2734 dicta
763 2669 925 2736 laudabat.
971 2669 1181 2754 Quapropter,

228 2757 289 2822 etsi
311 2779 331 2821 a
352 2759 385 2822 te
407 2757 455 2822 ita
476 2760 647 2843 tractatur,
675 2758 800 2822 utiam
821 2778 889 2824 non
916 2757 1075 2824 desideret
1097 2778 1180 2824 com·

227 2845 466 2911 mandationem
488 2865 593 2910 meam
615 2845 751 2930 unisque
774 2868 808 2912 se
830 2847 947 2912 litteris
970 2846 1049 2910 meis
1073 2845 1181 2912 omnia

227 2936 434 3000 consecutum
456 2936 557 3018 putet,
578 2937 689 2998 tamen
707 2955 727 2998 a
743 2937 776 2998 te
794 2937 871 3019 peto
888 2935 924 2999 in
941 2934 1096 3000 maiorem
1113 2955 1179 2998 mo·

228 3023 313 3107 dum,
334 3025 372 3086 ut
394 3043 468 3086 eum
490 3021 593 3087 etiam·
606 3025 702 3106 etque
716 3022 819 3086 etiam
836 3023 901 3088 tuis
922 3022 1045 3106 officiis,
1066 3021 1180 3088 libera·

226 3112 318 3177 litate
336 3110 558 3193 complectare.
594 3107 772 3174 Scriberem
790 3111 831 3176 ad
848 3115 890 3195 te,
908 3111 1011 3195 qualis
1025 3111 1074 3175 vir
1087 3113 1180 3193 esset,

226 3202 265 3264 ut
287 3198 504 3284 superioribus
526 3197 643 3262 litteris
665 3196 817 3284 feceram,
845 3199 909 3264 nisi
936 3219 1009 3265 eum
1035 3197 1101 3263 iam
1123 3218 1181 3284 per

227 3307 261 3350 se
284 3287 390 3370 ipsum
412 3286 473 3351 tibi
495 3285 575 3352 satis
598 3288 719 3350 notum
736 3307 805 3352 esse
828 3287 1008 3352 arbitrarer.

297 3441 348 3510 Ep.
363 3447 406 3508 24,
421 3447 445 3495 2.
474 3458 535 3512 apo,
548 3442 621 3512 quod
635 3441 710 3510 (W.).
747 3459 807 3512 ayo,
821 3461 905 3515 quum
918 3443 965 3512 M..
979 3442 1073 3513 vulgo.
1089 3469 1123 3482 —
1137 3441 1180 3502 de

224 3524 347 3578 poneres,
360 3511 457 3566 delam
470 3513 545 3581 (W.).
582 3511 625 3577 d.;
642 3511 669 3565 d.
683 3512 777 3582 vulgo.
809 3520 835 3569 3.
854 3515 954 3584 officiis
967 3512 1180 3582 libertatemque

228 3578 299 3647 (LII
318 3610 350 3620 -
369 3585 530 3637 obtumesce
544 3581 608 3652 (V.).
645 3595 699 3636 erse
715 3599 743 3636 a.
763 3598 816 3639 esce
829 3585 866 3639 Μ.
903 3602 924 3641 a.
938 3602 966 3640 u.
982 3583 1042 3640 edd.
1057 3585 1135 3651 vett,
1148 3581 1179 3638 B.
