2658 3986
241 210 304 276 ι68
522 208 560 264 Μ.
579 207 703 264 TULLII
720 203 911 264 CICERONIS

236 355 352 424 melius
373 356 564 438 exspectans
587 351 839 438 gratulationem
861 373 959 436 quam
979 329 1195 422 ιοιιιιιιιιιιιιῖ
1320 397 1321 412 .

237 465 313 515 nem
334 442 436 510 animi
458 442 508 508 tui
530 441 699 526 complecti
720 441 837 506 litteris
860 441 1054 506 maluissem
1088 439 1199 526 Nunc,

237 536 336 617 3
337 553 401 617 ero
423 529 513 598 brevi
535 529 783 615 gratulabimur:
811 529 953 613 itaque
943 552 978 594 ιιι
1005 530 1091 596 aliud
1114 533 1197 595 tcm-

202 636 299 706 spus
321 620 355 684 id
375 622 603 722 argumentum
622 618 776 702 epistolae
795 617 921 701 differe,
941 617 994 682 his
1017 622 1125 686 autem
1142 620 1195 682 lit·

238 710 316 776 teris
335 709 484 775 animum
506 710 613 791 tuum,
635 728 731 790 quem
751 706 883 771 minime
905 706 1102 772 imbecillum
1124 729 1198 772 esse

238 800 281 866 et
295 797 391 867 audio
415 800 449 864 at
471 817 579 880 spero,
606 795 668 861 etsi
690 815 759 862 non
785 795 1028 879 sapientissimi,
1056 799 1090 860 ιι
1117 797 1198 862 ami

239 886 358 953 cissirni
379 884 521 952 hominis
544 883 717 948 auctoritat
683 883 1008 948 ateconfirmandum
1026 884 1124 948 etiam
1147 887 1197 948 at

239 995 301 1059 qus
324 974 422 1039 etiam
444 977 538 1058 puto,
565 993 625 1038 nec
652 973 692 1038 iis
719 971 849 1056 quidem
875 971 994 1056 verbis,
1022 973 1138 1056 quibus
1160 975 1198 1037 te

239 1063 387 1132 consoler
408 1065 447 1127 ιι
474 1061 630 1136 afflictum
657 1064 691 1125 et
716 1061 782 1126 iam
808 1061 898 1130 omni
925 1082 981 1144 spe
1008 1061 1121 1128 salutis
1142 1082 1198 1129 ot·

238 1152 363 1235 batum,
383 1150 440 1220 sed
462 1153 501 1216 ut
522 1171 604 1235 enm,
627 1150 666 1214 de
689 1149 779 1216 ιιιιι
797 1148 1019 1215 incolumitate
1036 1171 1103 1215 non
1120 1149 1197 1233 plus
1324 1195 1325 1222 2

239 1239 396 1324 dubitem,
420 1261 520 1323 quam
546 1241 579 1303 te
602 1238 736 1305 memini
761 1237 907 1305 dubitare
935 1237 974 1301 de
996 1259 1080 1321 mea3
1107 1259 1198 1322 nam,

238 1349 339 1412 quum
365 1349 416 1395 me
443 1348 482 1391 ex
508 1347 542 1392 re
569 1327 699 1410 publica
725 1326 922 1410 expulissent
947 1326 985 1410 ii,
1017 1327 1071 1410 qui
1102 1327 1193 1392 illam

240 1416 352 1486 cauere,
374 1437 469 1500 posse
493 1417 600 1480 stante
619 1437 670 1482 me
688 1435 757 1482 non
769 1415 790 1493 ι
803 1417 969 1498 putarunt,
991 1415 1123 1480 memini
1141 1437 1197 1498 me
1324 1483 1325 1486 ,

240 1525 279 1572 cx
301 1505 411 1568 multis
438 1503 637 1587 hospitibus,
662 1503 718 1586 qui
744 1503 785 1566 ad
806 1525 859 1568 me
886 1524 925 1567 ex
947 1502 1040 1588 Asia,
1066 1503 1101 1567 in
1128 1524 1193 1586 qua
1324 1513 1325 1524 *

238 1596 276 1660 tu
304 1613 388 1677 eras,
414 1595 585 1676 venerant,
612 1592 722 1658 audire
748 1594 781 1656 te
808 1591 848 1656 de
875 1592 1017 1676 glorioso
1044 1594 1077 1655 ιι
1099 1590 1197 1657 celeri

203 1695 219 1744 3
239 1679 345 1747 reditu
358 1702 430 1745 meo
445 1679 643 1746 confirmare.
675 1678 710 1744 Si
723 1683 756 1744 te
769 1679 854 1745 ratio
869 1680 1025 1763 quaedam
1038 1678 1197 1746 Etruscae

240 1768 437 1854 disciplinae,
460 1790 557 1853 qnam
575 1771 714 1853 epatre,
735 1768 936 1834 nobilissimo
955 1770 1051 1851 atque
1069 1768 1195 1852 optimo
1323 1817 1324 1820 ,

239 1857 320 1941 viro,
342 1879 524 1942 acceperas,
546 1878 615 1922 non
636 1857 761 1940 fefellit,
783 1878 824 1921 ne
847 1877 907 1922 nos
930 1856 1058 1940 quidem
1080 1858 1198 1921 nostra

241 1945 397 2013 divinatio
419 1946 520 2030 fallet,
543 1967 641 2030 quam
662 1967 762 2029 quum
780 1944 1089 2029 sapientissimorum
1110 1945 1195 2012 viro·

240 2056 313 2137 rum
343 2035 477 2101 monitis
509 2037 617 2135 atque,
636 2032 816 2118 praeceptis
846 2033 1062 2134 plurimoque,
1093 2036 1131 2097 ιι
1157 2037 1195 2101 ιι

171 2249 174 2257 .
240 2122 1197 2296 {tuttlttlt’mittissimis

205 2313 223 2361 4
241 2304 314 2363 rum
335 2300 491 2364 varietate
514 2299 680 2362 consecuti
701 2319 825 2380 sumus,
848 2298 899 2363 cui
922 2298 1050 2382 quidem
1073 2298 1197 2362 divina-

240 2387 408 2452 tionihoc
430 2386 504 2469 plus
528 2386 727 2471 confidimus,
749 2385 835 2471 quod
858 2407 897 2450 ea
914 2408 974 2450 nos
992 2386 1074 2450 nihil
1090 2386 1126 2450 in
1142 2386 1199 2451 his

240 2477 309 2538 tam
341 2473 485 2538 obscuris
516 2474 612 2538 rebus
648 2477 779 2559 tamque
814 2474 1011 2558 perturbatis
1042 2494 1195 2558 umquam

242 2562 373 2628 omnino
396 2562 521 2626 fefellit.
565 2561 727 2647 Dicerem,
754 2583 836 2646 quae
864 2565 939 2626 ante
967 2561 1078 2628 futura
1100 2563 1198 2628 dixis·

242 2672 318 2735 sem,
339 2649 375 2715 ni
396 2671 536 2736 uererer,
559 2673 601 2717 ne
623 2673 663 2720 ex
685 2651 808 2718 eventis
830 2650 953 2736 fingere
975 2650 1113 2734 riderem
1140 2652 1196 2717 sed

232 2741 351 2818 ‚tamen
372 2738 504 2824 plurimi
526 2743 604 2804 sunt
625 2743 723 2804 testes
745 2761 797 2804 me
821 2741 853 2804 ct
874 2739 977 2823 initio,
999 2761 1041 2804 ne
1064 2740 1197 2806 coniun-

241 2830 333 2915 geret
368 2849 402 2892 se
439 2849 512 2895 cum
549 2825 698 2912 Caesare,
739 2828 901 2893 monuisse
937 2825 1128 2912 Pompeium
1164 2832 1199 2892 et

240 2917 363 3000 postea,
385 2937 426 2982 ne
450 2938 484 2982 se
506 2916 701 3002 diiungeret:
725 2915 951 2982 coniunctione
973 2916 1083 3001 frangi
1106 2937 1197 2980 sena·

239 3009 294 3070 tus
317 3025 404 3089 opes,
427 3003 624 3070 diiunctione
642 3005 734 3070 civile
752 3004 873 3069 bellum
891 3004 1023 3070 excitari
1039 3005 1199 3089 videbam,
1324 3045 1325 3058 ι

239 3095 337 3178 atque
360 3093 475 3158 utebar
496 3093 744 3158 familiarissime
767 3089 917 3177 Caesare,
938 3091 1127 3178 Pompeium
1148 3093 1196 3156 fa-

240 3181 365 3247 ciebam
395 3181 539 3265 plurimi,
570 3181 626 3245 sed
657 3183 727 3245 erat
757 3201 865 3244 meum
897 3181 1068 3246 eonsilium
1098 3202 1199 3265 quum

310 3336 362 3406 Ep.
382 3342 450 3405 6,2.
483 3340 568 3405 pato,
590 3337 796 3406 aeeswstp)
798 3336 1002 3403 .,·.-ιιιΒ
1031 3341 1200 3406 maturauit

239 3407 315 3476 (W)
335 3355 583 3475 ppmiaroefflart
586 3353 939 3476 innumerabilium.)
967 3405 1197 3476 salmoneus

239 3484 265 3532 3
292 3478 426 3546 quaedam
444 3477 580 3533 Eumene
598 3477 672 3544 (edd.
690 3479 779 3546 vett..)
815 3478 1047 3547 ιῃιιιιιιιιιιι
1083 3479 1201 3549 parim

241 3547 395 3602 ΤιιιιοΒ.
431 3552 458 3602 4
485 3563 520 3602 ιο
537 3547 686 3617 satrapen
705 3547 782 3619 (M.)?
