2578 3978
360 173 619 230 EPISTOLARUM
638 175 672 228 H.
692 181 717 230 9.
738 179 779 230 10.
1002 173 1052 238 '45

549 423 590 493 X.

97 537 154 592 Sor.
174 535 203 592 in
219 537 317 593 eastris
340 537 378 592 ad
396 523 592 592 Pindenissum
613 536 685 664 abad.
709 535 797 591 XVII.
820 533 882 591 Kal.
907 533 1052 590 Deoembn

477 625 501 662 a.
521 625 548 662 u.
569 625 591 662 e.
666 649 672 660 .

128 730 168 786 K
184 730 311 786 CICERO
326 731 401 785 lMP.
417 729 444 785 S.
459 728 492 784 D.
506 731 544 786 M.
559 729 690 786 CAELIO
704 729 831 786 AEDILI
845 729 924 785 OUR.
939 727 1017 784 DES.

161 831 212 896 Tu
233 832 319 916 vide,
349 852 446 915 quam
468 831 510 896 ad
532 852 584 894 me
606 829 733 894 litterae
756 852 824 896 non
849 830 1055 914 perferantur
1074 841 1088 890 1

95 957 136 966 —
156 941 225 985 non
243 921 331 984 enim
348 941 482 1005 possum
501 919 625 1003 adduci,
647 922 685 984 ut
704 919 762 984 abs
779 922 821 1002 te,
843 922 1055 1003 posteaquam

93 1009 206 1073 aedibs
238 1030 272 1072 es
303 1008 427 1093 faetus,
457 1008 564 1072 nullas
591 1009 703 1091 putem
730 1006 835 1090 datas,
865 1007 1055 1092 praesertim

92 1119 194 1182 quum
224 1101 311 1161 esset
336 1100 431 1161 tanta
457 1118 509 1162 res
535 1099 647 1161 tantae
675 1095 915 1181 gratulationis:
947 1096 986 1161 de
1013 1100 1055 1180 te,

92 1187 185 1270 quia,
216 1185 304 1270 quod
336 1185 519 1270 sperabam,
559 1185 599 1249 de
630 1183 719 1249 Hillo
747 1219 790 1232 ·-
817 1183 932 1287 balbus
968 1183 1056 1249 enim

93 1273 683 1449 ludai'mlullddll’lllilia
708 1275 907 1446 stimuli
924 1271 1055 1427 llll

92 1452 158 1518 ista
182 1451 361 1535 praeclaro,
384 1473 466 1536 quae
489 1471 540 1514 me
563 1450 687 1514 laetitia
709 1451 906 1535 extulenmt,
929 1472 968 1515 ex
991 1472 1055 1536 quo

94 1561 222 1625 vereor,
244 1561 286 1604 ne
308 1539 395 1604 idem
417 1539 547 1604 eveniat
572 1538 607 1603 in
630 1561 718 1604 meas
740 1539 879 1604 litteras:
908 1538 1056 1622 equidem

94 1650 275 1712 numquam
299 1629 430 1694 domum
451 1627 526 1692 misi
547 1649 648 1692 unam
667 1627 847 1713 epistolam,
870 1627 949 1711 quin
971 1630 1057 1692 esset

94 1718 136 1782 ad
158 1720 194 1782 te
216 1717 332 1802 altera,
361 1738 421 1781 neo
448 1716 529 1780 mihi
556 1719 607 1780 est
627 1718 661 1780 te
683 1715 853 1781 iucundius
881 1717 1056 1801 quidquam

93 1827 155 1870 neo
184 1806 297 1870 aurius.
351 1803 480 1870 Sed-
504 1804 593 1869 balbi
619 1826 688 1871 non
719 1827 829 1870 sumus
853 1841 895 1852 -
919 1804 960 1870 ad
987 1820 1090 1870 remu

94 1895 274 1960 redeamus.
310 1897 354 1958 Ut
372 1894 503 1978 optasti,
524 1893 572 1957 its
590 1896 652 1977 est3
675 1893 773 1959 velles
791 1893 887 1979 enim,
909 1893 967 1978 ais,
984 1897 1055 1958 tan·

94 1987 167 2048 tum
190 1982 287 2048 modo
309 1985 347 2046 ut
367 1980 522 2047 haberem
544 1981 681 2066 negotii,
704 1981 790 2066 quod
813 1986 898 2047 esset
925 1982 966 2047 sd
987 1983 1056 2048 lau·
1139 2033 1140 2041 ,

95 2073 219 2138 reolum
251 2070 343 2155 sabis,
376 2069 515 2136 Parthos
547 2071 655 2155 times,
692 2071 768 2155 quia
804 2070 923 2134 diffidis
954 2070 1056 2154 copiis

95 2159 226 2225 nostris.
262 2157 352 2245 Ergo
374 2159 422 2224 ita
444 2158 573 2224 aoeidit:
596 2181 673 2224 nam
690 2157 842 2223 Parthico
865 2158 950 2224 bello
973 2180 1055 2222 nun-

95 2249 180 2313 tiato
202 2249 349 2313 locorum
371 2246 564 2332 quibusdam
587 2247 746 2333 angustiis
770 2250 804 2312 et
825 2250 943 2312 natura
965 2269 1055 2312 mon·

95 2337 181 2402 tium
211 2337 315 2402 fretus
347 2336 388 2401 ad
425 2335 589 2402 Amanum
621 2337 796 2402 exereitum
827 2335 946 2401 adduxi
973 2336 1055 2412 ,satis

95 2425 199 2510 probe
222 2429 373 2491 ornatum
397 2425 522 2491 auxiliis
541 2429 575 2491 et
592 2425 732 2510 quadam
755 2425 947 2490 auctoritate
970 2424 1056 2509 apud

97 2535 163 2599 eos,
188 2513 243 2598 qui
265 2535 317 2578 me
339 2535 407 2581 non
428 2517 558 2598 norant,
580 2514 721 2580 nominis
744 2515 848 2580 nostri
862 2549 904 2581 -.-
918 2513 1057 2578 multum

96 2606 147 2668 est
170 2602 258 2666 enim
280 2602 315 2668 in
336 2601 388 2667 his
410 2602 504 2668 loois:
530 2601 656 2688 „hicine
678 2606 728 2668 est
749 2603 817 2687 ille,
844 2602 900 2687 qui
922 2601 1056 2668 urbem?

97 2712 195 2775 quem
217 2689 389 2755 senatus?“
410 2691 500 2756 nosti
517 2695 690 2776 cetera-3
712 2713 811 2776 quum
834 2689 993 2756 venissem
1015 2689 1057 2756 ad

95 2779 276 2864 Amanum,
308 2779 364 2864 qui
391 2800 485 2845 mons
516 2779 596 2845 mihi
628 2801 701 2845 cum
728 2777 846 2844 Bibulo
877 2780 1057 2846 eommunis

97 2872 147 2932 est
170 2867 292 2932 divisus
314 2889 471 2952 aquarum
495 2867 650 2953 divortiis,
672 2865 802 2933 Cassius
824 2871 948 2953 noster,
971 2868 1057 2954 quod

96 2956 178 3020 mihi
200 2977 339 3042 magnae
366 2956 527 3040 voluptati
548 2956 625 3041 fuit,
650 2956 788 3022 feliciter
810 2957 852 3022 ab
874 2955 1057 3024 Antiochea

178 3164 230 3236 Ep.
252 3171 293 3234 10,
309 3171 332 3221 1.
369 3166 443 3235 perf.
463 3193 498 3206 -·
515 3181 573 3222 non
649 3173 784 3235 putaram
803 3185 853 3234 -,·
880 3167 959 3236 atqui
981 3162 1056 3232 (W.).

94 3254 139 3305 μς
157 3251 216 3290 non
235 3241 434 3306 ...putaram
485 3237 574 3307 Atqui
590 3237 684 3309 vulgo.
708 3269 743 3276 -
766 3254 826 3292 sam
840 3267 873 3278 -
887 3237 968 3305 quia,
985 3235 1058 3303 quod

97 3323 154 3361 non
173 3305 260 3376 (W.)?
282 3337 318 3348 —
341 3309 389 3362 sed
401 3337 437 3349 -
456 3308 531 3363 balbi
548 3323 605 3363 aaa
627 3324 721 3363 samus
734 3337 768 3348 -
783 3309 821 3363 ad
844 3306 919 3374 (Oa).
963 3306 1010 3360 sed
1032 3305 1056 3360 t.

96 3395 154 3432 aon
173 3392 212 3431 a:
229 3379 268 3432 od
284 3377 315 3434 Β.
335 3409 369 3420 -
387 3379 420 3432 in
437 3379 503 3434 mis
520 3379 619 3435 litum
637 3378 882 3448 (Martyni-Lag.)?
918 3381 943 3428 2.
969 3376 1058 3430 nostri

96 3449 319 3504 -multum...
334 3455 423 3505 odera
440 3470 491 3516 -,·
508 3467 592 3520 quum
611 3451 687 3520 (W.).
737 3449 832 3504 nestit.
870 3445 996 3502 Multum

96 3526 193 3575 cama.
233 3519 322 3589 ῼΜι
341 3521 436 3592 vulgo.
