2568 3980
259 262 302 326 92
540 265 577 318 M.
598 263 721 319 TULLII
740 262 930 319 CICERONIS

259 429 385 492 semper
407 409 550 493 coluisti,
576 411 749 493 praecepta
770 411 803 472 te
825 408 964 493 fugiunt.
1008 403 1116 490 Atque
1145 405 1216 489 ipse

259 500 355 561 antea
378 496 418 561 ad
440 501 473 562 te
498 497 696 580 scripsissem
719 501 752 561 te
774 497 895 562 frustra
917 497 952 560 in
975 498 1124 559 senatum
1149 494 1216 558 sive

258 585 367 667 potius
388 585 424 649 in
447 588 641 651 conuentum
665 588 852 651 senatorum
874 605 943 648 esse
965 586 1154 666 venturum,
1181 582 1216 644 ni

258 673 379 738 veritus
403 695 519 758 essem,
545 695 587 738 ne
614 674 683 738 eius
711 672 855 738 animum
882 671 1087 755 offenderam,
1116 669 1174 754 qui
1197 691 1216 732 a

258 781 319 845 me,
340 764 378 826 nt
398 765 432 824 te
454 761 607 845 imitarer,
628 762 772 846 petebat:
795 761 847 826 oui
870 760 997 845 quidem
1020 780 1090 845 ego,
1114 780 1215 842 quum

257 870 309 912 me
332 852 474 934 rogaret,
501 853 539 914 ut
566 849 711 915 adessem
737 851 773 914 in
801 853 928 934 senatu,
955 849 1065 912 eadem
1094 845 1215 928 omnia,

259 958 340 1020 quae
373 959 392 1001 a
423 941 455 1002 te
487 937 526 1002 de
558 960 636 1022 pace
668 941 701 1003 et
736 938 775 1003 de
806 936 974 1022 Hispaniis
1012 935 1097 1001 dicta
1131 938 1216 1016 sunt,
1262 931 1263 948 ³

223 1033 239 1082 2
259 1025 387 1089 ostendi
413 1047 465 1090 me
488 1047 556 1090 esse
580 1026 750 1092 dicturum.
794 1025 859 1090 Res
881 1025 970 1090 vides
993 1024 1159 1108 quomodo
1184 1042 1216 1086 se

257 1112 390 1178 habeat:
418 1114 530 1179 orbem
551 1116 711 1180 terrarum
733 1114 876 1198 imperiis
899 1113 1077 1178 distributis
1103 1111 1214 1176 ardere

256 1201 359 1286 bello;
385 1202 499 1267 urbem
522 1203 592 1267 sine
614 1204 753 1288 legibus,
783 1202 852 1266 sine
878 1201 1016 1285 iudiciis,
1044 1200 1114 1265 sine
1138 1199 1214 1281 iure,

258 1290 327 1354 sine
358 1290 421 1355 fide
453 1291 597 1355 relictam
629 1291 803 1374 direptioni
834 1294 868 1355 et
897 1289 1067 1354 incendiis:
1104 1289 1213 1372 itaque
1263 1291 1264 1336 ἕ

257 1377 338 1440 mihi
355 1379 464 1442 uenire
481 1379 517 1442 in
535 1381 677 1442 mentem
696 1378 778 1442 nihil
791 1381 901 1462 potest
916 1399 985 1443 non
1002 1377 1110 1462 modo,
1130 1375 1213 1461 quod

258 1486 392 1549 sperem,
411 1465 467 1530 sed
480 1466 542 1550 vix,
562 1467 627 1530 iam
642 1466 727 1550 quod
742 1467 877 1531 audeam
891 1470 1015 1551 optare3
1039 1465 1089 1529 sin
1105 1468 1212 1529 autem

256 1552 330 1637 tibi,
357 1552 482 1619 homini
508 1554 773 1640 prudentissimo,
800 1555 927 1621 videtur
953 1555 1031 1618 utile
1059 1572 1214 1618 essenos
1264 1630 1265 1640 ἵ

257 1641 410 1726 colloqui,
442 1663 636 1726 quamquam
668 1643 797 1728 longius
829 1643 927 1707 etiam
958 1642 1146 1726 cogitabam
1174 1640 1213 1703 ab
1264 1643 1265 1690 ἲ

256 1729 335 1794 urbe
351 1729 521 1813 discedere,
539 1731 629 1795 ouius
643 1731 708 1795 iam
727 1731 825 1796 etiam
839 1750 958 1797 nomen
970 1731 1092 1795 invitus
1109 1729 1213 1810 audio,

256 1819 366 1882 tamen
388 1817 521 1903 propius
548 1819 711 1903 accedam,
734 1818 948 1903 Trebatioque
971 1817 1141 1902 mandavi,
1171 1819 1212 1897 ut,

257 1905 285 1968 si
309 1905 385 1988 quid
407 1910 444 1970 tu
467 1927 540 1970 eum
564 1906 661 1970 velles
685 1906 726 1970 ad
748 1928 799 1971 me
817 1908 954 1991 mittere,
976 1927 1017 1971 ne
1040 1907 1212 1986 recusaret,
1265 1978 1266 1994 ἓ

255 1991 351 2076 idque
374 1996 411 2058 ut
433 1993 535 2058 facias
553 1994 650 2059 velim
669 1998 725 2060 aut
748 1995 775 2059 si
799 2017 894 2080 quem
915 1998 1047 2060 tuorum
1069 1993 1210 2058 fidelium
1265 2003 1266 2040 ³

255 2081 352 2166 voles,
377 2082 417 2146 ad
439 2103 491 2146 me
513 2083 638 2167 mittas,
659 2104 701 2148 ne
725 2087 782 2147 aut
802 2084 863 2148 tibi
886 2083 971 2147 exire
994 2104 1032 2147 ex
1055 2082 1137 2148 urbe
1160 2101 1210 2144 ne-

256 2190 343 2234 cesse
362 2171 405 2235 sit
424 2174 480 2235 aut
493 2171 573 2234 mihi
593 2171 750 2236 accedere.
786 2170 858 2257 Ego
872 2174 1001 2235 tantum
1019 2169 1081 2234 tibi
1094 2168 1211 2248 tribuo,

255 2261 413 2341 quantum
440 2257 520 2322 mihi
547 2258 685 2322 fortasse
708 2279 838 2344 arrogo,
865 2261 902 2323 ut
931 2259 1136 2342 exploratum
1157 2255 1209 2320 ha-

255 2343 357 2428 beam,
380 2344 534 2427 quidquid
553 2366 613 2409 nos
632 2346 795 2411 communi
813 2346 974 2412 sententia
993 2345 1211 2425 statuerimus,

254 2430 287 2494 id
311 2451 423 2496 omnes
445 2430 594 2497 homines
615 2433 818 2516 probaturos.
862 2433 951 2499 Vale.

707 2642 748 2708 11.

254 2748 310 2804 Scr.
330 2749 360 2805 in
379 2750 503 2806 Cumano
523 2755 641 2808 exeunte
658 2770 754 2808 mense
768 2753 863 2880 aprili
888 2755 923 2822 (a.
943 2753 969 2809 d.
989 2755 1037 2808 111.
1057 2754 1091 2810 Κ.
1111 2753 1209 2820 Maias)

634 2840 658 2877 a.
677 2843 704 2878 u.
724 2842 746 2878 c.
820 2867 826 2878 .

442 2943 480 2999 M.
500 2943 629 3000 OIOERO
650 2945 676 3001 S.
695 2946 728 3001 D.
748 2945 824 3000 SER.
844 2945 1016 3002 SULPICIO.

218 3052 232 3103 1
319 3039 358 3104 A.
382 3040 411 3106 d.
435 3055 485 3103 111.
509 3041 581 3108 Kal.
604 3043 708 3109 Maias
736 3066 834 3129 quum
861 3067 964 3110 essem
990 3047 1026 3111 in
1056 3043 1208 3124 Cumano,

252 3129 360 3213 accepi
383 3132 457 3194 tuas
479 3129 614 3216 litterae,
637 3133 752 3216 quibus
771 3133 863 3197 lectis
882 3134 1021 3218 cognovi
1044 3131 1207 3200 nonsatis

251 3217 427 3300 prudenter
458 3216 571 3284 fecisse
599 3218 822 3305 Philotimum,
854 3221 921 3305 qui,
954 3243 1055 3304 quum
1089 3224 1147 3288 abs
1177 3222 1206 3280 te

251 3304 406 3370 mandata
424 3304 566 3391 haberet,
589 3310 626 3372 ut
644 3307 764 3393 scribis,
787 3307 825 3373 de
845 3308 993 3373 omnibus
1012 3309 1122 3396 rebus,
1143 3309 1206 3394 ipse

322 3511 374 3580 Ep.
397 3518 459 3580 1,1.
497 3529 552 3583 epo,
570 3529 653 3582 paam
671 3529 712 3567 mc
730 3514 795 3584 (V.).
832 3531 879 3584 epo
897 3531 999 3570 amcam
1017 3531 1060 3572 mc
1079 3517 1117 3572 M.
1153 3526 1205 3584 cpo-

175 3598 178 3602 ·
250 3582 303 3631 ma
330 3595 391 3634 cum
408 3597 449 3636 mc
468 3582 499 3635 B.
