2578 3978
254 250 275 314 6
541 251 578 304 Μ.
594 249 717 305 TULLII
734 247 925 305 CICERONIS

253 396 330 459 burn
348 394 520 460 habuimus
538 391 719 476 Curionem,
741 392 893 458 Bibulum
912 394 1014 458 multo
1034 394 1209 478 iustiorem,
1279 401 1280 478 l

253 503 355 568 paena
387 483 484 548 etiam
511 483 661 565 amioum,
693 479 847 546 Caninius
875 484 907 546 et
934 479 1015 546 Cato
1037 487 1210 567 ‘negarunt
1279 485 1280 580 l

254 593 288 636 se
310 574 415 657 legem
437 573 536 636 ullarn
560 574 634 635 ante
658 570 788 656 comitia
811 591 879 634 esse
901 570 1033 635 laturos.
1070 568 1209 636 Senatus
1279 583 1280 634 l

197 735 199 740 λ
252 659 365 725 haberi
384 663 459 725 ante
473 659 636 724 Kalendas
655 657 847 723 Februarias
865 679 922 743 per
940 659 1045 743 legem
1063 657 1210 743 Pupiam,

252 749 286 813 id
309 749 395 834 quod
419 749 493 832 sois,
523 770 589 812 non
617 750 737 832 potest,
763 768 867 831 neque
895 768 1004 812 mense
1031 745 1209 812 Februario
1279 789 1280 842 ,

217 839 322 902 atoto
346 837 410 902 nisi
431 837 581 921 perfectis
612 839 669 901 aut
694 835 821 901 reiectis
847 835 1073 921 legationibus.
1117 834 1210 901 Haeo
1279 847 1280 876 ³

252 929 361 990 tamen
385 926 494 1010 opinio
518 928 567 990 est
588 924 701 1010 populi
722 923 871 1007 Romani,
894 944 913 987 a
935 923 1000 988 tuis
1022 924 1139 988 invidis
1161 929 1210 988 at-

252 1034 313 1097 quo
328 1013 597 1079 obtrectatoribus
611 1034 732 1079 nomen
743 1011 911 1088 inductum
924 1011 1018 1077 fictae
1031 1012 1210 1098 religionis,
1279 1015 1280 1056 l

251 1123 319 1166 non
340 1105 409 1168 tarn
431 1105 469 1167 ut
490 1105 523 1166 te
545 1102 723 1187 impediret,
746 1122 844 1185 quam
865 1104 902 1165 ut
923 1122 965 1165 ne
985 1101 1055 1185 quis
1074 1104 1209 1185 propter

252 1189 409 1255 exercitus
424 1191 632 1274 cupiditatem
645 1189 882 1255 Alexandream
895 1189 993 1254 vellet
1005 1189 1061 1254 ire.
1091 1189 1209 1274 Digni-

250 1278 328 1342 tatis
352 1281 460 1343 aute1n
482 1283 557 1343 tuae
580 1298 675 1343 nemo
699 1281 748 1341 est
775 1278 853 1361 quin
879 1277 1039 1342 existimet
1060 1277 1209 1342 habitam
1279 1287 1280 1346 l

251 1387 319 1430 esse
333 1366 492 1431 rationem
507 1367 547 1431 ab
563 1369 692 1448 senatri3
714 1387 810 1430 nemo
824 1367 874 1430 est
891 1365 986 1448 enim,
1005 1365 1061 1448 qui
1074 1366 1209 1448 nesciat,
1279 1349 1280 1426 l

250 1474 314 1536 quo
333 1453 439 1518 minus
459 1454 609 1519 discessio
627 1453 727 1536 fieret,
749 1473 807 1538 per
826 1453 1024 1518 adversarios
1042 1457 1117 1519 tuos
1135 1475 1208 1520 esse

212 1583 214 1588 -
249 1540 385 1606 factum:
416 1542 471 1626 qui
498 1562 585 1607 nunc
611 1542 723 1627 populi
754 1541 898 1624 nomine,
928 1562 963 1606 re
990 1545 1098 1606 autern
1128 1563 1209 1608 vera

250 1629 494 1695 sceleratissimo
521 1630 690 1696 latrocinio
714 1630 742 1694 si
765 1650 846 1713 quae
869 1629 1073 1695 conabuntur
1099 1650 1208 1716 agere,

250 1717 328 1783 satis
350 1717 431 1783 mihi
452 1719 616 1801 provisum
639 1722 696 1803 est,
718 1720 757 1781 ut
777 1739 819 1782 ne
838 1717 914 1802 quid
933 1718 1029 1782 salvis
1053 1719 1206 1802 auspiciis

215 1808 307 1870 aaut
328 1806 454 1892 legibus
478 1810 534 1870 ant
557 1806 654 1870 etiarn
677 1807 746 1870 sine
769 1806 801 1870 vi
824 1825 919 1891 agere
944 1809 1085 1890 possent.
1129 1805 1206 1892 Ego
1279 1813 1280 1838 ¹

248 1913 352 1978 neque
376 1895 415 1959 de
437 1916 509 1959 meo
533 1895 639 1959 studio
657 1914 761 1977 neque
780 1893 819 1958 de
838 1895 1068 1959 nonnullorum
1085 1895 1206 1960 iniuria

249 1982 452 2047 scribendum
475 1982 554 2048 mihi
582 2005 650 2047 esse
674 1982 824 2066 arbitror,
851 1983 928 2066 quid
955 1982 1041 2046 enim
1068 1985 1125 2048 aut
1151 2004 1205 2049 me

249 2072 421 2156 ostentam,
449 2072 518 2156 qui,
546 2071 573 2136 si
596 2071 697 2136 vitam
718 2091 777 2156 pro
804 2074 862 2136 tua
889 2070 1047 2156 dignitate
1069 2070 1205 2155 profun-

213 2204 215 2209 ·
248 2157 331 2244 dam,
353 2161 477 2224 nullam
494 2163 620 2244 partem
637 2160 747 2225 videar
764 2159 952 2224 meritorum
969 2161 1099 2224 tuorum
1118 2181 1204 2224 asse·
1279 2239 1280 2246 ἵ

247 2249 353 2332 cutus,
385 2251 443 2313 aut
473 2248 512 2312 de
540 2249 676 2312 aliorum
702 2247 828 2311 iniuriis
859 2267 987 2330 querar,
1019 2246 1105 2331 quod
1132 2247 1204 2314 sine

247 2355 371 2398 summo
395 2335 504 2400 dolore
527 2336 633 2399 facere
655 2356 722 2400 non
744 2333 898 2419 possum?
940 2333 1013 2420 Ego
1035 2335 1096 2399 tibi
1119 2357 1138 2399 a
1160 2337 1204 2421 vi,

245 2421 307 2486 hae
321 2423 510 2507 praesertim
523 2423 742 2487 imbecillitate
761 2423 1018 2510 magistratuum,
1035 2426 1202 2508 praestare
1279 2407 1280 2500 l

246 2509 328 2573 nihil
349 2533 495 2594 possum:
522 2511 555 2575 vi
582 2514 715 2594 excepta
736 2532 868 2595 possum
895 2510 1085 2576 confirmare
1111 2513 1203 2578 teet
1279 2511 1280 2602 l

247 2600 377 2663 senatus
404 2600 438 2662 et
463 2599 576 2683 populi
598 2597 737 2664 Romani
765 2621 888 2665 summo
916 2598 1022 2665 studio
1050 2599 1201 2685 amplitu-
1279 2605 1280 2694 l

246 2684 353 2750 dinem
374 2689 465 2751 tuam
486 2689 696 2752 retenturum.
1008 2691 1012 2698 '
1279 2697 1280 2774 l

1279 3045 1280 3086 l

1279 3087 1280 3118 l

1279 3141 1280 3186 l

1279 3191 1280 3236 l

678 2879 719 2946 V.
732 2902 761 2946 a

323 2989 380 3044 Sor.
399 2991 504 3047 Romae
522 3007 547 3046 a.
566 2991 592 3046 d.
612 2991 660 3046 III.
679 2991 751 3047 Non.
770 2991 902 3047 Februar.
921 3005 946 3046 a.
964 3007 992 3047 u.
1011 3008 1034 3048 o.
1054 2997 1114 3049 698.

389 3115 426 3170 Μ.
441 3115 569 3172 CICERO
585 3114 611 3170 S.
625 3116 659 3171 D.
673 3115 704 3170 P.
718 3113 890 3170 LENTULO
904 3114 1050 3172 PROCOS.

209 3225 223 3273 1
310 3213 452 3280 Tametsi
478 3216 558 3280 mihi
584 3215 667 3279 nihil
688 3214 751 3279 fuit
773 3215 929 3299 optatius,
955 3236 1052 3299 quam
1074 3218 1112 3280 ut
1133 3217 1198 3300 pri·
1279 3243 1280 3280 r

242 3323 331 3367 mum
354 3305 412 3368 abs
438 3307 471 3368 te
494 3304 579 3387 ipso,
606 3301 721 3366 deinde
744 3324 763 3366 a
785 3303 899 3368 ceteris
927 3302 1076 3368 omnibus
1092 3325 1197 3387 ‚quam

242 3391 444 3475 gratissimus
463 3411 541 3476 erga
560 3395 593 3456 te
612 3411 681 3455 esse
700 3410 923 3476 cognoscerer,
944 3399 1055 3456 tamen
1073 3391 1198 3458 afficior

311 3581 363 3650 Ep.
382 3587 407 3649 4,
423 3587 447 3635 2.
484 3582 672 3638 labrocinensi
690 3581 764 3650 (Wb.
801 3583 872 3650 l.,si
889 3581 920 3636 B.
1045 3602 1048 3608 ·
