2644 3988
238 243 302 308 372
521 243 558 296 ιι.
577 243 700 297 runnu
719 241 910 332 oicnuorns

237 393 275 454 ut
297 389 335 453 dc
358 388 421 453 isto
445 389 515 472 ipso
539 387 705 472 suffragio3
729 388 800 470 alia,
823 409 904 471 quae
925 387 1096 454 defendam
1120 411 1140 454 a
1161 392 1196 453 te

202 493 218 541 8
237 479 289 564 pie
312 476 381 542 fieri
404 479 437 542 et
458 476 608 560 humane,
631 477 724 540 utde
748 477 913 542 curatione
936 477 1095 542 ludorum.
1132 475 1196 542 Sed

237 571 279 650 te,
301 566 465 632 hominem
489 565 573 630 doct'
550 565 717 647 tlssimum,
739 585 808 630 non
829 565 924 650 fugit,
947 567 975 630 si
997 564 1117 630 Caesar
1140 587 1197 630 rex

236 655 399 720 fuerit—-
357 654 509 738 -quod
532 654 611 718 mihi
634 653 762 737 quidem
785 653 976 718 videtur-—
982 655 1052 737 ,iu
1074 657 1197 718 utram·

238 766 307 828 qne
321 747 447 827 partem
475 743 514 806 de
540 745 597 807 tuo
626 741 732 807 officio
760 743 918 826 disputari
945 764 1054 827 posse,
1082 743 1171 808 uel'
1161 764 1197 806 m

237 855 322 914 eam,
350 853 413 915 qua
441 852 501 916 ego
525 832 612 896 soleo
635 831 696 932 uti,
723 831 920 895 laudandam
945 853 1014 896 esse
1042 831 1141 896 fidem
1163 835 1199 896 et

237 883 472 985 humanitatem
485 924 584 1003 tuam,
603 921 658 1003 qui
675 920 813 984 amicum
828 921 925 984 etiam
942 915 1107 985 mortuum
1126 921 1196 984 dili-

238 1031 306 1094 gas,
329 1010 411 1073 vel
402 1031 438 1074 ιιι
461 1029 554 1109 cam,
573 1029 636 1110 qua
663 1008 812 1073 nonnulli
835 1013 872 1072 ut
858 1011 985 1093 t,untur
1011 1009 1198 1074 libertatem

237 1099 361 1182 patriae
384 1098 469 1162 vitae
493 1097 588 1161 amici
615 1119 656 1161 an
659 1097 882 1180 teponendam.
927 1095 978 1161 Ex
1000 1096 1052 1161 his
1075 1118 1197 1162 sermo·

237 1187 333 1251 nibus
363 1187 490 1251 utinam
521 1189 630 1258 essent
661 1186 785 1250 delatae
818 1186 859 1250 ad
891 1189 923 1249 te
957 1185 1197 1271 disputationes

237 1277 339 1340 meae!
385 1275 446 1339 Illa
477 1296 552 1339 vero
581 1275 658 1356 duc,
690 1295 772 1357 quae
795 1275 934 1338 maxima
964 1277 1039 1340 sunt
1061 1275 1197 1340 laudum

238 1369 380 1447 tuarum,
411 1364 482 1446 quis
505 1367 562 1428 aut
583 1362 736 1427 libentius
759 1385 856 1446 quam
879 1383 939 1447 ego
964 1368 1198 1429 commemorat

238 1455 296 1515 aut
318 1451 467 1536 saepius?
489 1456 522 1515 te
545 1455 578 1514 et
599 1473 667 1516 non
690 1451 884 1535 suscipiendi
902 1452 978 1516 belli
996 1451 1099 1516 civilis
1123 1473 1197 1537 gra-

238 1540 403 1604 vissimum
427 1543 590 1605 auctorem
612 1539 712 1606 fuisse
739 1545 773 1606 et
794 1540 1008 1605 moderandae
1031 1540 1198 1624 victoriae,

237 1629 273 1691 in
297 1649 360 1712 quo
383 1629 438 1712 qui
460 1628 540 1692 mihi
562 1650 630 1693 non
653 1630 871 1712 assentiretur,
893 1628 1002 1714 inveni
1022 1630 1198 1694 neminem.

238 1715 343 1793 Quare
364 1717 469 1782 habeo
491 1718 630 1802 gratiam
644 1717 805 1800 Trebatio,
826 1718 979 1797 familiari
996 1721 1120 1802 nostro,
1139 1719 1206 1802 qui

237 1805 316 1870 mihi
344 1805 433 1870 dedit
458 1807 593 1871 'causam
619 1807 735 1872 harum
761 1807 955 1889 lilterarum,
986 1805 1102 1890 quibus
1130 1807 1197 1872 nisi

165 1927 167 1932 .
238 1895 416 1978 credideris,
439 1916 489 1960 me
510 1897 614 1960 omnis
633 1895 732 1960 officii
750 1899 783 1959 et
799 1895 1011 1960 humanitatis
1030 1899 1196 1978 expertem

237 1983 400 2066 iudicarim
427 2006 490 2068 quc
518 2006 578 2048 nec
604 1983 684 2048 mihi
716 1983 846 2068 gravius
878 1984 1052 2069 quidquam
1084 1987 1197 2068 potest

238 2093 306 2137 esse
329 2093 388 2138 nec
411 2095 431 2136 a
452 2077 485 2137 te
508 2073 653 2137 alienius.

636 2265 790 2332 XXVIII.

343 2379 399 2436 Scr.
419 2381 524 2435 Romae
543 2383 662 2435 exeunte
680 2395 775 2434 mense
793 2379 868 2434 Maio
888 2396 913 2434 a.
931 2397 958 2433 ιι.
977 2396 1000 2433 c.
1022 2385 1080 2434 710.

500 2503 638 2560 MATIUS
657 2502 827 2560 CICERONI
846 2502 921 2558 SAL.
937 2513 942 2528 ·

203 2616 216 2664 ι
303 2603 458 2689 Magnam
480 2603 680 2688 voluptatem
703 2625 742 2666 ex
763 2602 829 2666 tuis
851 2603 890 2667 lit
877 2603 968 2667 lteris
991 2604 1074 2688 cepi,
1097 2604 1195 2688 quod,
1210 2631 1217 2645 ·

236 2665 333 2793 quam
361 2712 524 2777 speraram
552 2696 647 2794 atque
675 2695 836 2844 optaram,
866 2691 984 2756 habere
1013 2695 1046 2756 te
1074 2691 1113 2756 de
1141 2715 1195 2757 mc

237 2781 423 2864 opinionem
454 2781 605 2882 cognovi,
637 2781 676 2844 de
708 2801 772 2864 qua
803 2780 864 2844 etsi
896 2801 964 2844 non
995 2779 1195 2866 dubitabam,

235 2873 355 2952 tamen,
378 2870 454 2952 quia
474 2870 606 2934 maximi
625 2868 844 2952 aestimabam,
866 2871 904 2932 ut
921 2868 1108 2952 incorrupta
1126 2891 1194 2934 ma-

236 2961 339 3042 neret,
359 2951 555 3022 laborabam.
593 2956 747 3023 Conscius
770 2961 878 3021 autem
901 2957 981 3022 mihi
1004 2978 1092 3022 cram
1109 2957 1194 3022 nihil

237 3070 257 3111 a
278 3067 330 3110 me
353 3046 558 3147 commissum
581 3067 660 3130 csse,
682 3045 769 3129 quod
791 3046 869 3110 boni
887 3045 1075 3130 cuiusquam
1093 3045 1194 3112 offen-

237 3136 328 3200 deret
350 3133 505 3199 animum:
538 3157 576 3200 co
599 3135 705 3199 minus
730 3134 897 3198 credebam
924 3134 1071 3218 plurimis
1095 3137 1192 3220 atque

237 3224 367 3309 optimis
395 3224 520 3288 artibus
546 3227 660 3288 ornato
687 3223 748 3287 tibi
774 3228 893 3287 temere
921 3222 1096 3308 quidquam
1121 3245 1192 3308 pcr-

238 3313 368 3377 suaderi
386 3313 539 3397 potuisse,
561 3311 750 3396 praesertim
771 3311 808 3375 in
826 3333 921 3394 quem
941 3333 1013 3375 mea
1031 3333 1193 3396 propensa

238 3403 271 3464 et
292 3405 448 3484 perpetua
470 3402 585 3466 fuisset
612 3404 709 3484 atque
733 3403 817 3465 essct
840 3400 1076 3484 benevolentia3
1106 3401 1192 3484 quod

309 3589 360 3658 Ep.
376 3595 418 3657 27,
434 3597 458 3645 8.
485 3607 534 3646 aec
552 3610 570 3645 a
588 3597 612 3646 tc
626 3591 744 3645 alienius
763 3591 843 3659 (edd,
858 3594 944 3660 vett).
981 3608 1031 3648 aaa
1043 3596 1068 3647 te
1081 3609 1106 3646 α.
1125 3591 1192 3646 ΜΒ.
