2578 3982
233 208 490 266 EPISTOLARUM
506 210 557 266 AD
575 211 607 277 Q.
626 211 801 267 FRATREM
818 214 866 268 111.
887 220 911 267 1.
984 212 1048 278 621

97 352 224 420 videtur
247 375 330 439 esse,
356 376 438 439 quae
461 355 610 441 obiurget
631 359 810 424 ceterarum
831 358 981 423 villorum
1002 359 1050 422 in·

97 443 236 525 soniam3
258 447 485 508 verumtamen.
500 443 579 508 illud
603 444 747 510 additum
772 445 952 511 delectabit.
989 445 1050 512 To·

96 529 237 616 piarium
260 530 401 595 laudavi:
424 532 472 596 ita
494 533 602 598 omnia
624 533 816 598 convestivit
837 533 965 618 hedera,
987 555 1051 618 qua

96 617 203 682 basim
230 617 339 702 villae,
370 640 433 702 qua
463 619 710 686 intercolumnia
742 621 983 706 ambulationis,
1014 625 1052 688 ut

98 704 235 790 denique
262 705 310 770 illi
336 707 461 790 palliati
491 707 663 792 topiariam
689 709 794 774 faeere
822 709 992 776 videantur
1018 713 1052 776 et

97 793 249 858 hederam
280 794 426 860 vendere.
479 793 550 871 Iam
580 789 792 884 ἀποδυτηρίῳ
828 797 909 862 nihil
942 798 1050 882 alsius,

97 881 181 946 nihil
202 882 389 948 musooeius.
428 879 539 948 Habes
561 882 630 948 iere
653 883 809 949 derebus
833 886 976 952 rusticis:
999 907 1077 952 une

97 969 217 1034 bonam
244 969 472 1054 expolitionem
498 974 594 1056 urget
619 971 673 1036 illo
701 971 830 1055 quidem
857 976 890 1038 st
916 971 1050 1040 Philoti-

98 1079 170 1122 mus
202 1061 235 1123 ot
257 1055 400 1142 Cincius,
432 1058 488 1124 sed
515 1059 612 1122 etiam
642 1059 712 1142 ipse
745 1060 856 1125 erebro
887 1061 1051 1144 interviso,

99 1145 185 1230 quod
208 1148 258 1211 ost
279 1145 375 1210 facile
397 1145 499 1230 faotu3
529 1147 736 1230 quamobrem
759 1169 798 1212 ea
819 1151 852 1212 te
875 1169 952 1213 eura
973 1148 1050 1213 libo·

98 1236 207 1300 ratum
228 1233 311 1300 volo.

164 1319 223 1386 De
236 1319 389 1389 Oieerono
421 1323 507 1408 quod
537 1346 588 1391 me
621 1347 746 1410 semper
777 1346 888 1412 rogas,
915 1313 1085 1421 ignosco}

98 1409 245 1494 equidem
266 1410 340 1494 tibi,
367 1411 423 1476 sed
449 1415 485 1476 tu
508 1434 634 1497 quoque
656 1414 736 1480 mihi
762 1414 859 1479 velim
887 1413 1051 1500 ignoscam

98 1518 166 1563 non
189 1497 275 1562 enim
297 1498 437 1564 oonoedo
459 1499 533 1584 tibi,
561 1502 634 1585 plus
657 1502 807 1567 utillum
831 1523 932 1585 ames,
954 1523 1051 1586 quam

97 1587 167 1672 ipss
199 1607 285 1670 am03
317 1590 413 1672 atque
443 1587 569 1654 utinam
599 1589 650 1654 his
683 1589 793 1655 diebus
824 1590 860 1655 in
891 1589 1051 1674 Arpinati,

99 1673 186 1758 quod
213 1675 247 1738 et
274 1674 343 1758 ipso
366 1675 511 1758 cupierat
538 1680 571 1740 et
597 1697 657 1760 ego
684 1698 753 1743 non
774 1678 895 1762 minus,
927 1699 1051 1743 meeum

98 1761 226 1826 fuisset!
255 1759 340 1845 quod
362 1760 404 1825 ad
426 1759 651 1846 Pomponiam,
679 1765 706 1828 si
728 1765 788 1828 tibi
814 1765 953 1848 videtur,
976 1765 1051 1830 sori·

99 1851 157 1914 bas
189 1847 298 1932 velim,
330 1868 429 1931 quum
460 1849 567 1933 aliquo
595 1850 771 1928 exibimus‚·
799 1855 852 1916 eet
882 1852 1052 1918 nobiseum

98 1935 965 2112 tttfflttttttttdtdttttatesstdt
983 1961 1052 2094 tt

489 2075 498 2109 θ

99 2117 150 2178 est
171 2113 270 2178 loeus.
314 2109 353 2176 Id
375 2133 426 2178 mo
449 2113 512 2178 sois
535 2116 631 2178 antea
654 2114 755 2198 gratis
785 2113 844 2179 tibi
867 2137 936 2180 esse
958 2117 1050 2201 polli-

99 2201 211 2266 citum:
236 2199 312 2284 quid
334 2221 420 2264 nuno
442 2203 547 2285 putas,
568 2205 661 2266 tanta
679 2202 759 2267 mihi
776 2203 834 2267 abs
856 2206 889 2267 te
907 2204 1051 2268 mercede

99 2287 290 2374 proposita?
326 2286 431 2354 Venio
454 2309 542 2354 nuno
564 2289 605 2354 ad
626 2293 701 2354 tuas
723 2290 858 2375 litteras,
880 2313 959 2376 quas
981 2292 1079 2376 plu-o

98 2377 189 2443 ribus
213 2376 358 2461 epistolis
381 2377 502 2462 aeospi,
529 2377 605 2442 dum
628 2399 699 2442 sum
725 2379 761 2442 in
783 2377 947 2462 Arpinati3
975 2401 1052 2446 nam

99 2464 180 2530 mihi
202 2485 268 2529 uno
292 2463 342 2528 die
365 2468 430 2528 tres
453 2467 530 2529 sunt
551 2465 708 2550 redditae,
730 2469 763 2531 ot
785 2467 926 2551 quidem,
948 2470 986 2533 ut
1006 2468 1051 2533 vi-

100 2553 274 2636 debantur,
296 2551 407 2618 eodem
430 2552 488 2618 abs
510 2556 543 2617 te
566 2552 660 2619 datae
681 2557 840 2639 tempore,
866 2577 932 2620 una
953 2556 1051 2640 pluri·

100 2642 161 2704 bus
188 2640 310 2724 verbis,
339 2641 375 2706 in
406 2662 470 2724 qua
495 2641 636 2724 primum
663 2647 746 2727 erat,
777 2643 863 2726 quod
889 2645 1052 2726 antiquior

99 2727 168 2793 dies
195 2729 230 2792 in
257 2729 322 2794 tuis
349 2727 466 2793 fuisset
488 2730 627 2812 ascripta
649 2730 765 2794 litteris
793 2751 890 2813 quom
915 2731 952 2794 in
974 2728 1052 2796 an-

99 2817 194 2882 sar'rs:
221 2817 256 2880 id
277 2816 356 2881 faoit
379 2814 501 2900 Oppius
523 2836 767 2901 nonnumquam
792 2818 1051 2904 neeessariam,

98 2925 201 2988 quum
226 2903 412 2969 tabellarios
440 2904 643 2968 constituerit
668 2905 794 2970 mittere
823 2905 1052 2990 litterasquea

99 2991 195 3057 nobis
219 2991 390 3076 acceperit,
417 2991 524 3075 aliqua
550 3013 585 3055 re
608 3013 693 3057 nova
718 2992 912 3078 impediatur
938 2998 972 3058 et
997 3015 1051 3060 ne·

98 3078 239 3144 cessario
258 3079 369 3162 serius,
392 3100 488 3162 quam
506 3081 725 3166 constituerat,
743 3081 852 3146 mittat
869 3103 973 3166 neque
991 3104 1050 3148 nos

98 3168 185 3232 datis
207 3167 273 3231 iam
295 3166 438 3251 epistolis
461 3166 544 3231 diem
567 3170 757 3234 commutari
780 3190 934 3234 curemus.
970 3167 1079 3235 Seri-a

97 3255 150 3320 bis
182 3255 221 3320 de
253 3251 398 3319 Caesaris
431 3276 555 3322 summo
587 3255 622 3321 in
653 3277 713 3323 nos
746 3277 866 3322 amore:
902 3256 988 3322 huno
1020 3261 1053 3324 et

96 3347 137 3408 tu
158 3341 282 3408 fovebis
310 3345 343 3407 et
369 3363 445 3427 nos,
471 3343 723 3430 quibuscumque
748 3345 926 3430 poterimus
946 3345 1052 3431 rebus,

171 3532 222 3605 Ep.
243 3540 266 3602 1,
281 3539 306 3590 8.
343 3539 505 3592 commutare
522 3535 595 3606 (ων
