2556 3986
304 908 363 996 M.
399 908 648 1028 ruamur
680 907 1082 996 eruuaours

486 1047 885 1122 EPISTOLARUM

420 1185 482 1252 AD
506 1183 711 1262 QUINTUM
732 1183 947 1250 FRATREM

563 1310 673 1374 LIBRI
695 1312 804 1374 TRES.

629 1487 737 1496 ...-

528 1623 656 1679 arara
681 1621 840 1680 paruus

669 1781 696 1852 L

483 1904 541 1964 Ser.
560 1906 666 1961 Romae
684 1922 709 1962 a
727 1923 756 1961 u.
774 1923 798 1960 e.
817 1910 878 1962 694.

405 2007 552 2104 uranus
573 2046 711 2114 Qururo
729 2045 866 2102 raurar
884 2045 961 2103 suu.
1023 2001 1027 2011 ⁸
1240 2010 1246 2081 Ι

170 2148 183 2194 ¹
272 2154 346 2224 Etsi
367 2179 435 2223 non
454 2157 652 2241 (inhiabam,
675 2156 753 2241 quin
770 2156 856 2221 hane
874 2155 1051 2240 epistolam
1075 2160 1174 2224 multi

171 2214 320 2332 ²nunffii,
342 2247 430 2311 fama
453 2246 590 2330 denique
612 2248 697 2309 esset
717 2244 789 2330 ipsa
807 2267 866 2309 sua
883 2244 1052 2310 eeleritate
1077 2269 1173 2332 supe

204 2340 316 2400 ratura
341 2339 441 2419 tuque
469 2337 544 2399 aute
572 2333 613 2398 ab
641 2333 712 2397 aliis
740 2334 907 2399 auditurus
930 2355 1017 2398 esses
1042 2356 1171 2400 annum

203 2424 337 2488 tertium
368 2423 539 2487 accessisse
571 2421 727 2487 desiderio
759 2427 872 2487 nostro
904 2425 937 2486 et
963 2421 1073 2486 labori
1102 2428 1171 2509 tue,

203 2515 314 2576 tamen
337 2509 517 2573 existimavi
540 2531 559 2573 a
581 2531 633 2574 me
656 2531 782 2594 quoque
800 2510 861 2574 tibi
878 2510 974 2574 huius
993 2512 1169 2577 molestiae

203 2599 356 2665 nuntium
373 2597 508 2684 perferri
527 2600 687 2682 oportere:
707 2620 785 2663 nam
803 2598 1021 2682 superioribus
1035 2599 1168 2685 litteris

202 2710 271 2754 non
292 2689 380 2773 unis,
408 2687 463 2752 sed
485 2686 646 2772 pluribus,
675 2708 775 2771 quum
796 2687 862 2752 iam
889 2688 931 2751 ab
954 2687 1026 2751 aliis
1050 2688 1167 2772 despe-

201 2780 274 2841 rata
300 2799 351 2842 res
379 2779 476 2860 esset,
502 2779 613 2840 tamen
638 2774 700 2838 tibi
727 2796 787 2860 ego
816 2796 906 2860 spem
932 2779 1082 2839 maturae
1111 2777 1164 2842 de·

202 2864 356 2930 cessionis
379 2864 561 2947 afferebam,
582 2885 651 2928 non
673 2864 778 2927 solum
799 2867 837 2928 ut
859 2885 956 2947 quam
980 2863 1163 2929 diuuissime

200 2957 234 3018 te
266 2951 406 3017 iucunda
437 2951 589 3034 opinione
622 2951 829 3036 oblectarem,
865 2952 922 3016 sed
952 2951 1050 3015 eriam
1084 2955 1162 3036 quia

200 3045 295 3106 tanta
318 3038 530 3103 adhibebatur
553 3043 586 3103 et
608 3061 628 3103 a
650 3039 745 3104 nobis
767 3043 801 3104 et
823 3063 843 3104 a
859 3040 1062 3123 praetoribus
1084 3062 1161 3104 eon·

175 3129 319 3210 mentio,
345 3131 383 3193 ut
404 3147 472 3192 rem
498 3149 593 3211 posse
616 3127 730 3192 confici
751 3149 820 3192 non
843 3127 1034 3211 diffiderem
1060 3149 1159 3212 nunu,

201 3216 354 3302 queniam
376 3216 424 3280 aa
444 3214 569 3300 accidit,
591 3219 629 3280 ut
650 3237 755 3300 neque
772 3218 938 3300 praetores
956 3216 1022 3280 suis
1042 3217 1157 3301 opibus

270 3441 321 3511 Ep.
343 3447 366 3508 1,
383 3446 406 3495 1.
443 3445 577 3508 eponae.-
593 3455 660 3494 uam
739 3441 816 3509 diff.;
833 3457 909 3496 auur
922 3441 996 3511 (W.).
1033 3457 1057 3496 o.
1079 3441 1155 3496 Num

262 3512 288 3565 d.
316 3511 401 3566 Nunc
417 3511 512 3580 vulgo.
