2578 3982
40 307 44 356 ,
261 259 326 326 662
517 258 697 316 uersuum
715 257 746 325 o.
766 257 959 315 cressonis

40 359 41 390 l

40 403 43 481 Ι
259 404 423 488 tantisque
450 407 632 470 remantem
659 403 762 470 vitare
789 403 1016 487 offensionem,
1045 403 1156 469 vitare
1191 405 1245 470 fa·

40 485 41 510 ¹
259 493 384 577 bulum,
418 491 521 558 vitare
551 491 701 575 insidias,
738 513 806 558 esse
838 513 941 557 unum
971 492 1147 558 bominem
1185 515 1243 558 ac-

260 580 499 648 commodatum
526 580 567 647 ad
593 584 720 646 unum
748 601 877 646 morum
903 601 941 644 ac
968 601 1165 646 sermonum
1199 603 1240 646 ac

220 693 246 736 cs
259 671 465 736 voluntatum
492 669 690 736 varietatem.
740 667 846 745 Quare
873 669 972 733 etiam
1000 672 1102 753 atque
1126 670 1239 734 etiam

259 779 358 844 porge
384 761 494 824 tenera
520 758 617 824 istem
639 757 739 841 viam,
766 777 863 840 quam
885 757 1069 822 instituisti:
1104 759 1237 822 excelle

260 846 409 930 dicendo;
440 847 502 913 hoc
534 849 568 911 et
593 848 746 912 tenentur
767 843 891 910 Romae
916 844 1067 911 homines
1098 849 1135 910 et
1159 847 1235 911 alli-

260 935 390 1000 ciuntur
420 937 455 1001 et
485 935 527 999 ab
558 933 761 1018 impediendo
799 954 837 998 ac
868 933 1026 998 laedendo
1060 935 1235 1018 repellun-

259 1027 322 1088 tur.
366 1021 424 1109 llt,
450 1021 604 1107 quoniam
630 1023 666 1086 in
692 1022 755 1088 hoc
781 1022 832 1086 vel
858 1021 996 1086 maxime
1025 1025 1076 1087 est
1104 1022 1233 1088 vitiosa

260 1111 388 1195 civitas,
418 1111 505 1195 quod
532 1109 705 1196 largitione
732 1109 925 1194 interposita
950 1108 1081 1174 umetis
1111 1131 1152 1175 ac
1182 1111 1231 1175 di·

260 1199 395 1286 gnitatis
419 1199 565 1265 oblivisci
587 1200 683 1282 solet,
709 1198 744 1264 in
767 1197 829 1264 hoc
855 1198 909 1262 iac
930 1199 969 1262 nt
994 1201 1029 1262 te
1055 1197 1144 1264 bene
1167 1221 1228 1264 no·

259 1289 318 1372 ris,
345 1288 378 1353 id
406 1291 469 1373 est,
495 1291 533 1354 ut
558 1287 721 1372 intelligas
749 1307 823 1351 eum
850 1307 920 1350 esse
948 1287 998 1368 te,
1024 1286 1081 1370 qui
1113 1287 1226 1352 iudicii

132 1427 134 1433 ι
260 1397 298 1445 ac
320 1376 455 1460 periculi
476 1379 598 1444 metum
620 1376 796 1440 maximum
818 1373 1083 1458 competitoribus
1108 1376 1225 1440 afferre

259 1465 378 1549 possis3
409 1464 475 1547 iac,
507 1485 541 1530 se
569 1467 607 1528 ut
638 1464 696 1530 aba
726 1465 760 1528 te
792 1462 949 1528 custodiri
980 1465 1080 1546 atque
1115 1464 1223 1529 obser·

259 1553 330 1617 vari
352 1553 468 1616 sciant:
496 1573 595 1635 quum
622 1551 824 1637 diligentiam
849 1554 954 1632 tuam,
981 1571 1083 1634 quum
1114 1556 1220 1618 auoto-

259 1640 390 1706 ritatem
425 1640 554 1724 vimque
589 1639 732 1725 dicendi,
771 1642 841 1704 tum
876 1639 1022 1723 profecto
1061 1641 1214 1724 equestris

221 1749 247 1792 ce
262 1728 384 1795 ordinis
407 1733 540 1815 ergata
563 1727 705 1794 studium
727 1727 963 1812 pertimescent.
1004 1725 1120 1812 Atque
1143 1729 1218 1794 haec

260 1819 308 1884 ita
329 1818 404 1883 volo
426 1820 460 1882 te
481 1817 546 1882 illis
569 1837 763 1901 proponere,
789 1837 858 1881 non
879 1819 917 1880 ut
938 1815 1068 1880 videare
1091 1837 1218 1881 accusa·

259 1906 383 1970 tionem
405 1904 475 1972 iam
501 1905 663 1986 meditari,
695 1904 752 1970 sed
777 1907 816 1968 ut
845 1903 909 1970 hoc
935 1907 1059 1970 terrore
1090 1905 1218 1970 facilius

259 1993 323 2060 hoc
349 1994 469 2078 ipsum,
496 1993 583 2077 quod
610 1993 694 2079 agis,
720 2013 926 2076 consequare.
974 1991 1020 2058 Et
1045 1993 1148 2076 plane
1175 1995 1217 2058 sic

261 2082 419 2149 contende
443 2081 592 2148 omnibus
615 2081 723 2146 nervis
745 2101 783 2146 ac
804 2079 1028 2164 facultatibus,
1057 2083 1096 2145 ut
1117 2081 1217 2166 adipi·

261 2191 401 2254 scamur,
430 2170 517 2254 quod
543 2169 691 2254 petimus.
740 2167 844 2235 Video
871 2168 962 2234 nulla
987 2189 1060 2234 esse
1087 2170 1217 2235 comitia

259 2261 328 2327 tam
349 2258 520 2342 inquinata
540 2258 722 2343 largitione,
745 2257 861 2341 quibus
883 2278 951 2322 non
969 2257 1073 2342 gratis
1092 2258 1216 2342 aliquae

261 2347 423 2412 centuriae
454 2346 643 2412 renuntient
678 2367 754 2412 suos
790 2365 909 2430 magno
942 2365 1040 2428 opere
1072 2367 1216 2412 necessa·

221 2455 246 2499 u
260 2436 335 2500 rios.
380 2433 499 2519 Quare,
530 2435 560 2499 si
590 2433 802 2519 advigilamus
834 2455 894 2518 pro
920 2433 968 2498 rei
996 2432 1162 2518 dignitate
1189 2439 1216 2500 et

261 2524 289 2588 si
315 2525 445 2588 nostros
472 2521 514 2588 ad
540 2543 702 2588 summum
729 2521 871 2588 studium
897 2521 1072 2586 benevolos
1101 2524 1214 2589 excita-

260 2632 332 2676 mus
359 2613 393 2676 et
420 2610 447 2675 si
473 2609 659 2676 bominibus
686 2609 837 2696 gratiosis
869 2609 1086 2693 studiosisque
1114 2611 1214 2677 nostri

261 2721 356 2767 suum
378 2700 492 2784 cuique
515 2719 634 2766 munus
656 2697 865 2764 describimus
894 2700 927 2761 et
949 2697 976 2762 si
999 2698 1213 2782 competitori-

251 2789 322 2858 ,bus
334 2788 487 2854 iudicium
500 2787 721 2872 proponimus,
739 2785 956 2870 sequestribus
973 2787 1100 2851 metum
1116 2787 1213 2852 iniici-

260 2898 342 2961 mus,
363 2877 519 2942 dirisores
538 2875 664 2940 ratione
682 2875 791 2958 aliqua
813 2879 1006 2958 coercemus,
1027 2873 1140 2960 perfici
1162 2897 1213 2958 po·

260 2968 339 3047 test,
372 2967 411 3030 nt
439 2963 570 3049 largitio
603 2965 660 3028 aut
690 2963 781 3028 nulla
811 2961 869 3026 fiat
900 2965 958 3026 aut
987 2960 1071 3026 nihil
1102 2963 1212 3028 valeat

221 3067 247 3110 ⁶8
262 3051 353 3118 Haec
375 3054 462 3136 sunt,
483 3073 565 3136 quae
587 3051 699 3135 putavi
716 3071 785 3118 non
803 3050 918 3116 melius
941 3049 1022 3114 scire
1044 3071 1098 3116 me
1120 3072 1212 3134 quam

260 3145 307 3224 te,
343 3139 399 3206 sed
430 3139 556 3206 facilius
587 3139 639 3205 his
672 3138 737 3204 tuis
769 3137 1034 3222 occupationibus
1066 3139 1211 3223 colligere

261 3249 362 3294 unum
383 3228 419 3292 in
440 3229 548 3294 locum
570 3249 665 3313 posse
688 3230 722 3292 et
748 3227 790 3292 ad
816 3230 849 3294 te
875 3225 1055 3310 perscripta
1076 3226 1210 3296 mittere:

260 3337 343 3400 quae
369 3316 499 3383 tametsi
524 3317 572 3382 ita
599 3319 676 3382 sunt
702 3315 835 3401 scripta,
865 3317 904 3382 ut
929 3335 998 3382 non
1027 3312 1069 3381 ad
1097 3335 1210 3397 omnes,
1248 3335 1249 3340 ¹

333 3597 375 3664 14,
390 3600 432 3650 55.
466 3594 593 3650 autumi
611 3591 731 3663 (crocu
