2556 3986
284 205 543 261 EPISTOLARUM
555 205 652 272 Ano.
667 205 878 260 FRATREMI.
894 212 917 260 1.
1016 203 1080 270 567

125 354 249 436 quanta
271 351 404 416 tandem
425 351 563 434 peeunia
584 349 835 434 penderetur,
810 371 838 414 si
858 350 1002 415 omnium
1023 369 1081 414 no·

115 441 225 522 »mina
253 440 445 523 quicumque
467 438 590 503 Romae
613 438 707 504 ludos
728 437 881 521 facerent,
905 437 990 521 quod
1013 442 1083 502 erat

125 528 192 592 iam
214 490 413 612 institutum,
443 525 651 612 erogaretur?
697 524 897 610 Quamquam
924 526 984 590 has
992 546 1082 626 ‘qne-

126 617 211 680 relas
233 614 401 681 hominum
423 625 608 681 nostrorum
626 615 682 680 illo
702 615 838 680 oonsilio
856 614 1082 698 oppressimus,

127 703 214 788 quod
236 704 272 768 in
289 702 370 769 Asia
391 704 500 770 neseio
520 725 661 788 quonam
681 703 786 787 modo,
808 701 931 768 Romae
954 701 1082 786 quidem

128 814 195 858 non
209 792 362 858 mediocri
377 815 449 856 oum
467 792 679 857 admiratione
694 791 852 876 laudatur,
871 791 966 875 quod,
984 811 1083 875 quum

128 881 169 946 ad
191 881 349 982 templum
371 885 677 974 monumentumque
700 883 848 944 nostrum
865 880 1012 944 civitates
1029 899 1083 962 pe-

127 969 240 1036 eunias
263 969 492 1054 decrevissent,
520 988 681 1053 quumque
707 968 741 1032 id
769 971 801 1032 et
827 990 886 1052 pro
914 968 993 1032 meis
1017 989 1082 1030 ma·

128 1057 202 1142 gnis
225 1057 347 1122 meritis
370 1061 405 1122 et
425 1079 484 1142 pro
507 1057 571 1138 tuis
598 1056 746 1120 maximis
768 1056 931 1120 benefieiis
959 1077 1084 1120 summa

128 1167 188 1210 sua
210 1146 378 1211 voluntate
399 1131 552 1212 fecissent
569 1144 825 1228 nominatimque
847 1146 899 1208 lex
917 1145 1085 1227 exciperet,

128 1236 166 1298 ut
179 1233 219 1298 ad
232 1235 389 1318 templum
403 1238 436 1298 et
448 1237 694 1299 monumentum
708 1253 822 1317 sapere
835 1233 953 1316 liceret,
972 1253 1084 1316 quum·

127 1343 192 1404 que
212 1321 255 1405 id,
278 1322 364 1406 quod
383 1322 529 1405 dabatur,
550 1343 618 1387 non
637 1324 721 1386 esset
738 1321 953 1405 interiturum,
976 1319 1085 1384 sedin

129 1411 327 1476 ornamentis
358 1412 472 1496 templi
506 1411 666 1493 futurum,
697 1413 735 1474 ιιι
766 1431 833 1475 non
864 1409 944 1473 mihi
975 1408 1083 1492 potius

129 1519 226 1582 quam
249 1502 370 1584 populo
392 1499 540 1565 Romano
569 1520 606 1563 ao
633 1498 681 1562 dis
709 1498 944 1563 immortalibus
973 1497 1086 1562 datum

128 1587 303 1672 videretur,
324 1592 435 1653 tamen
456 1588 499 1671 id,
521 1589 557 1651 in
580 1609 643 1672 quo
668 1589 737 1652 erat
759 1587 910 1672 dignitas,
935 1589 1003 1651 erat
1025 1586 1086 1666 lex,

128 1679 200 1739 erat
222 1697 347 1759 eorum,
379 1677 434 1759 qui
460 1676 637 1758 faciebant,
668 1676 833 1758 voluntas,
863 1673 1086 1758 accipiendum

129 1783 198 1826 non
229 1763 342 1846 putavi
374 1784 473 1845 quum
504 1763 576 1827 aliis
608 1763 648 1826 de
678 1763 797 1844 causis,
826 1765 897 1826 tum
924 1761 1022 1824 etiam
1049 1764 1087 1824 ut

121 1850 240 1915 animo
264 1850 414 1934 aequiore
434 1851 557 1914 ferrent
572 1851 605 1932 ii,
629 1850 744 1933 quibus
762 1867 822 1912 nee
841 1849 1010 1913 deberetur
1027 1869 1086 1912 nee

131 1937 249 2002 liceret.
296 1937 498 2022 Quapropter
519 1937 669 2002 inoumbe
691 1941 761 2002 toto
792 1939 900 2002 animo
923 1940 957 2000 et
979 1935 1125 2002 studiosi

131 2026 221 2090 omni
243 2027 278 2090 in
302 2047 373 2091 eam
395 2026 563 2109 rationem,
585 2046 650 2109 qua
672 2025 777 2090 adhue
798 2045 876 2090 usus
899 2047 942 2108 es,
964 2027 1002 2088 ut
1023 2024 1087 2108 eos,

131 2136 213 2197 quos
248 2118 337 2178 tuae·
360 2113 433 2178 fidei
468 2113 685 2197 potestatique
719 2117 850 2178 senatus
885 2113 1087 2197 populusque

131 2201 299 2266 Romanus
327 2201 488 2267 commisit
509 2205 542 2266 et
564 2201 710 2285 eredidit,
734 2201 848 2286 diligas
872 2205 906 2265 et
928 2201 1016 2266 omni
1038 2222 1087 2264 ra-

131 2290 222 2354 tione
244 2293 355 2354 tueare
378 2293 412 2354 et
431 2311 502 2354 esse
525 2311 622 2374 quam
643 2290 847 2354 beatissimos
870 2289 958 2355 velis.
995 2286 1088 2363 Quod

132 2379 160 2444 si
182 2381 215 2442 te
239 2400 308 2444 sors
331 2378 421 2443 Afris
449 2383 506 2444 aut
527 2377 682 2462 Hispanis
711 2381 767 2442 aut
789 2376 890 2443 Gallis
916 2377 1087 2462 praefecis-

130 2470 190 2551 set,
212 2467 407 2532 immanibus
430 2487 468 2531 ao
489 2467 636 2532 barbaris
654 2466 850 2551 nationibus,
872 2469 982 2532 tamen
1003 2467 1089 2530 esset

131 2554 343 2620 humanitatis
365 2558 441 2620 tuae
459 2556 625 2620 consulere
643 2577 755 2620 eorum
772 2555 948 2621 commodis
971 2557 1005 2618 et
1026 2554 1087 2618 uti·

132 2642 217 2706 litati
241 2643 399 2727 murique
422 2644 552 2708 servire:
581 2664 679 2727 quum
701 2664 777 2709 vero
800 2644 830 2707 ei
852 2643 963 2728 generi
985 2641 1087 2706 homi·

132 2752 213 2795 num
243 2733 435 2815 pressimus,
466 2751 534 2796 non
564 2731 660 2796 modo
688 2731 723 2794 in
754 2751 818 2814 quo
850 2731 921 2814 ipso
950 2729 1004 2812 sit,
1032 2728 1088 2794 sed

132 2819 232 2884 etiam
254 2841 274 2883 a
293 2841 358 2904 quo
381 2819 422 2884 ad
445 2818 530 2884 alios·
543 2819 726 2902 pervenisse
744 2820 876 2902 putetur
892 2817 1088 2901 humanitas,

131 2911 218 2972 uerte
240 2907 280 2972 iis
304 2929 375 2972 eam
397 2908 600 2991 potissimum
627 2907 767 2971 tribuere
790 2905 955 2991 debemus,
978 2928 998 2970 a
1020 2906 1088 2991 qui·
1118 2965 1119 2968 ,

132 2995 194 3060 bus
212 2997 412 3080 aeoepimus3
437 3017 505 3060 non
532 2996 618 3060 eninr
645 3017 696 3059 me
722 2995 784 3060 hoo
810 2995 876 3059 iam
904 2995 1007 3059 dicere
1030 3017 1089 3078 pu·
1102 3011 1129 3052 ιι

131 3084 235 3169 debit,
256 3085 445 3168 praesertim
472 3085 508 3148 in
530 3105 568 3148 ea
590 3083 657 3148 vita
680 3088 775 3168 atque
797 3082 837 3148 iis
860 3083 956 3148 rebus
979 3082 1088 3166 gestis,

132 3172 169 3238 in
192 3173 308 3256 quibus
330 3193 398 3237 non
420 3175 529 3256 potest
550 3172 688 3237 residere
711 3172 846 3236 inertiae
870 3174 927 3237 aut
948 3171 1088 3235 levitatis

132 3261 200 3325 ulla
233 3260 385 3344 suspicio,
418 3281 479 3324 nos
511 3281 561 3344 ea,
598 3282 679 3344 quae
712 3261 876 3325 consecuti
908 3281 1018 3324 sumus
1049 3258 1089 3324 iis

133 3553 188 3593 em
204 3469 256 3608 fil),
278 3475 301 3537 1,
316 3475 358 3524 27.
387 3437 508 3538 ditique,
535 3474 567 3524 ιιι
589 3470 663 3524 omas·
684 3486 707 3523 r.
727 3474 760 3536 ι,
782 3474 814 3522 ιιι
832 3483 885 3523 esse
904 3444 1011 3538 (Sobtr
1048 3468 1090 3536 (ιιι
