2644 3988
379 234 638 290 EPISTOLARUM
656 235 690 290 X.
710 241 823 291 28-30.
1015 233 1080 300 333

118 380 227 446 faeere
249 399 310 446 neo
332 379 485 444 desistam
513 382 547 444 et
572 373 638 444 iam
664 380 701 444 in
728 379 868 445 maxima
895 400 929 444 re
958 379 1022 444 feei
1048 383 1081 445 et

118 467 335 534 fundamenta
356 469 416 533 iooi
440 469 553 534 salutis
575 473 660 533 tuae.
706 467 757 533 'Pu
785 468 838 533 fae
859 467 947 533 bono
971 469 1079 534 animo

119 577 305 641 magnoque
333 557 377 622 sis
404 577 518 640 meque
540 556 602 621 tibi
628 557 720 621 nulla
741 578 776 622 re
803 557 989 622 defuturum
1011 577 1080 622 esse

119 645 275 712 oonlidas.
319 643 425 710 Pridie
448 644 561 711 Nonas
585 644 770 721 Quinctiles.

546 837 650 905 XXX.

120 950 180 1006 Sor.
194 949 225 1006 in
239 949 338 1006 eastris
353 951 389 1006 ed
403 951 543 1006 Mutinam
556 967 581 1005 a.
597 951 623 1006 d.
637 951 712 1008 XVI.
726 951 789 1006 Kal.
803 951 894 1007 Maias
908 968 933 1006 a.
943 970 970 1006 u.
984 969 1007 1007 c.
1020 957 1079 1006 ⁷11.

398 1073 521 1134 GALBA
538 1074 711 1130 CICERONI
731 1075 806 1132 SAL.

189 1173 230 1238 Α.
248 1174 278 1239 d.
301 1188 387 1237 xv11.
410 1175 482 1240 Kal.
500 1174 614 1259 Maias,
635 1196 700 1259 quo
719 1175 770 1240 die
788 1174 895 1239 Pansa
912 1175 948 1238 in
965 1175 1080 1240 eastris
1101 1191 1112 1235 r

120 1262 224 1328 Hirtii
246 1267 317 1328 erat
338 1263 476 1348 futurus,
498 1284 572 1328 oum
595 1285 659 1347 quo
682 1283 744 1350 ogo
771 1285 860 1341 eram
883 1299 925 1310 -
948 1283 1025 1329 nam
1051 1263 1082 1328 si

121 1352 253 1418 obvium
284 1371 503 1436 processeram
535 1351 624 1417 milia
654 1373 809 1437 passuum
840 1354 985 1436 eentum,
1017 1372 1080 1436 quo

121 1441 282 1506 maturius
304 1440 495 1525 veniret-7
517 1439 681 1506 Antonius
702 1441 847 1527 legiones
865 1440 975 1505 eduxit
992 1441 1082 1525 duas,

122 1529 299 1594 seeundum
322 1534 356 1594 et
377 1530 525 1613 quintum
546 1530 751 1615 tricesimam,
774 1533 808 1594 et
824 1529 973 1595 cohortes
991 1551 1081 1614 prae·

121 1617 225 1684 toriae
248 1618 338 1701 duas,
360 1639 459 1683 unam
477 1639 579 1703 suam,
601 1619 737 1684 alteram
755 1616 867 1702 Silani,
889 1624 918 1684 et
935 1622 1081 1684 evocato·

122 1729 197 1772 rum
210 1709 348 1790 partem:
370 1707 418 1772 ita
436 1707 565 1772 obviam
582 1708 673 1772 venit
690 1707 794 1791 nobis,
812 1707 898 1792 quod
916 1728 977 1772 nos
991 1711 1081 1791 quat·

121 1799 200 1860 tuor
225 1796 371 1881 legiones
396 1795 540 1861 tironum
571 1795 690 1861 habere
717 1796 823 1861 solum
852 1795 1081 1878 arbitrabatur3

123 1883 182 1948 sed
208 1888 321 1966 noctu,
352 1906 416 1968 quo
445 1885 547 1950 tutius
574 1885 684 1950 venire
711 1884 746 1947 in
773 1887 879 1949 eastra
905 1904 1083 1968 possemus,

122 1972 287 2056 legionem
300 1972 462 2056 Martiam,
479 1973 531 2038 eui
545 1993 606 2058 ego
621 1993 771 2056 praeesse
785 1972 937 2056 solebam,
956 1976 989 2036 et
1002 1973 1082 2038 duas

124 2060 275 2126 eohortes
302 2063 481 2146 praetorias
509 2062 641 2126 miserat
668 2060 795 2126 Hirtius
823 2061 927 2126 nobis.
977 2060 1118 2136 Quuma

124 2151 250 2234 equites
272 2149 410 2216 Antonii
434 2151 667 2235 apparuissent
690 2150 849 2215 contineri
871 2169 975 2233 neque
997 2149 1083 2235 legio

123 2237 245 2304 Martia
272 2260 376 2323 neque
404 2239 552 2304 cohortes
579 2239 760 2324 praetoriae
787 2241 976 2324 potuerunt3
1003 2259 1083 2321 quas

124 2327 217 2411 sequi
244 2329 407 2412 ooepimus
440 2329 555 2412 ooaeti,
585 2328 738 2413 quoniam
769 2327 907 2392 retinere
934 2349 988 2391 eas
1015 2348 1083 2393 non

123 2420 343 2500 potueramus.
391 2415 555 2482 Antonius
588 2416 628 2482 ad
659 2415 780 2482 Forum
811 2414 977 2481 Gallorum
1008 2437 1082 2480 suas

124 2505 237 2588 oopias
263 2505 453 2570 continebat
482 2527 586 2590 neque
618 2506 693 2570 seiri
719 2505 849 2571 volebat
875 2526 909 2569 se
938 2505 1083 2590 legiones

124 2593 258 2658 habere:
272 2598 400 2659 lantum
415 2595 593 2677 equitatum
608 2598 641 2658 et
652 2595 756 2659 levem
770 2598 966 2659 armaturam
977 2597 1082 2658 osten-

125 2681 233 2747 debat.
283 2682 499 2766 Posteaquam
531 2683 612 2749 vidit
644 2704 678 2746 se
708 2683 811 2748 invito
843 2683 1005 2768 legionem
1036 2683 1082 2746 ire

124 2770 243 2855 Pansa,
257 2772 347 2856 sequi
362 2793 396 2836 se
410 2771 490 2836 duas
503 2772 648 2858 legiones
662 2771 757 2836 iussit
769 2773 920 2836 tironum.
951 2769 1083 2836 Postea·

126 2882 225 2942 quam
239 2861 407 2945 angustias
420 2860 548 2945 paludis
567 2864 600 2925 et
618 2859 771 2925 silvarum
784 2859 980 2944 transiimus,
999 2859 1082 2924 aoies

124 2952 178 3012 est
200 2949 359 3014 instructa
385 2949 522 3014 anobis
550 2963 612 3010 XII.
636 2947 830 3032 cohortium3
858 2947 1004 3014 nondum
1031 2968 1117 3016 ves

125 3040 245 3102 nerant
270 3037 415 3123 legiones
443 3038 538 3103 duae:
569 3041 701 3120 repente
728 3035 892 3103 Antonius
918 3037 954 3101 in
981 3038 1083 3101 aciem

125 3147 203 3190 suas
222 3127 332 3210 oopias
350 3126 389 3190 de
407 3127 479 3191 vieo
497 3125 649 3211 produxit
667 3129 701 3190 et
718 3126 786 3191 sine
805 3147 896 3192 mora
914 3124 1083 3189 eonourrit.

124 3213 236 3280 Primo
259 3215 306 3279 ita
328 3217 594 3300 pugnatumoest
621 3217 658 3278 ut
685 3214 789 3280 aerius
816 3235 884 3279 non
906 3216 1017 3296 posset
1045 3234 1084 3277 ex

198 3441 249 3510 Ep.
269 3447 311 3498 29.
348 3443 401 3498 tibi
417 3442 544 3497 nullon
562 3442 618 3510 (lu,
636 3442 741 3512 vulgo).
777 3446 796 3495 t.
816 3442 848 3496 in
865 3457 893 3496 o.
912 3456 941 3495 re
958 3440 990 3494 B.
1030 3439 1081 3510 Ep.

124 3518 219 3578 30,1.
255 3529 304 3568 sec.
329 3518 354 3567 et
380 3515 505 3584 quintam
531 3516 556 3567 et
578 3513 742 3568 moedorum
767 3511 907 3580 (timetur
956 3511 1000 3565 An
1018 3527 1039 3566 s.
1058 3517 1084 3566 et

126 3581 263 3638 XXXV.
282 3584 367 3652 (Wlt
404 3592 428 3640 3.
456 3585 535 3650 duae,
553 3600 637 3654 quum
655 3587 763 3654 repente
780 3582 897 3651 (Man.)?
