2578 3978
256 223 297 290 10
539 224 577 278 Μ.
593 223 716 281 TULLII
734 222 924 280 CICERONIS

252 367 440 453 perspicias:
469 355 604 452 quornm
631 369 769 434 alterurn
796 368 888 451 mihi,
915 371 952 432 ut
978 371 1010 432 te
1033 367 1209 452 plurimum

253 457 395 542 diligam,
417 456 523 521 facere
544 465 674 522 n'ecesse
693 459 750 540 est,
773 456 801 520 si
819 457 892 521 volo
910 455 938 520 is
957 477 1035 541 esse,
1057 477 1153 540 quem
1171 461 1210 522 tu

252 566 304 609 me
322 566 391 609 esse
409 545 552 627 voluisti3
575 545 712 610 alterum
729 544 814 608 facio
827 544 975 627 libenter,
992 547 1038 628 ut,
1053 543 1210 627 quoniam

252 633 422 699 intervallo
441 634 586 698 Iocorum
604 635 637 698 et
653 636 837 717 temporum
855 631 990 696 diiuncti
1008 654 1128 716 sumus,
1150 655 1211 717 per

252 721 376 786 litteras
398 724 505 785 tecum
527 742 624 804 quam
647 720 831 805 saepissime
854 721 1027 804 colloquar.
1064 719 1157 796 Quod
1182 722 1210 787 si

251 810 355 874 rarius
373 809 438 892 fiet,
457 830 553 892 quam
571 813 608 873 tu
627 808 834 893 exspectabis,
851 809 884 871 id
903 808 965 872 erit
978 829 1102 892 causae,
1120 810 1211 892 quod

252 919 319 962 non
343 897 411 962 eius
434 898 560 983 generis
580 918 669 962 meae
686 895 813 962 litterae
837 900 922 982 sunt,
944 900 981 961 ut
999 918 1053 962 eas
1071 896 1211 962 audeam

251 989 371 1050 temere
390 985 600 1051 committere:
625 985 750 1070 quoties
763 985 843 1050 mihi
861 987 1021 1050 certorum
1038 983 1211 1050 hominum

252 1077 396 1156 potestas
420 1074 489 1157 erit,
512 1073 627 1157 quibus
650 1077 736 1138 recte
755 1073 836 1158 dem,
858 1095 926 1138 non
943 1073 1211 1156 praetermittam.

217 1171 233 1236 2
253 1160 346 1237 Quod
369 1161 449 1228 scire
472 1163 530 1244 vis,
553 1184 616 1246 qua
639 1162 773 1246 quisque
795 1161 831 1225 in
848 1162 880 1225 te
898 1161 961 1226 fide
980 1161 1023 1226 sit
1040 1163 1073 1226 et
1094 1161 1212 1226 volun-

251 1253 328 1333 tate,
347 1250 476 1315 difficile
491 1251 578 1314 dictu
593 1254 643 1315 est
656 1250 695 1314 de
710 1249 858 1334 singulis:
882 1269 983 1314 unum
1000 1248 1080 1315 illud
1094 1249 1212 1335 audeo,

253 1337 338 1421 quod
360 1340 457 1402 antea
478 1337 539 1402 tibi
566 1359 660 1423 saepe
684 1337 876 1422 significavi,
902 1359 989 1402 nunc
1017 1358 1143 1420 quoque
1171 1360 1210 1403 re

250 1428 419 1510 perspecta
441 1428 474 1490 et
496 1426 628 1511 cognita
650 1425 800 1509 scribere,
822 1425 1028 1490 vehementer
1051 1424 1210 1509 quosdam

250 1512 399 1579 homiues
413 1516 446 1577 et
459 1534 514 1578 eos
532 1515 679 1596 maxime,
701 1513 756 1597 qui
773 1517 806 1578 te
825 1517 858 1578 et
875 1513 1012 1578 maxime
1027 1513 1212 1578 debuerunt

252 1605 285 1666 et
315 1602 490 1685 plurimum
515 1601 624 1666 iuvare
652 1605 841 1686 potuerunt,
871 1601 1024 1666 invidisse
1055 1601 1212 1686 dignitati

250 1692 326 1754 tuae
340 1689 598 1772 simillimamque
615 1689 650 1753 in
669 1711 704 1754 re
722 1690 869 1754 dissimili
886 1689 935 1754 tui
951 1689 1106 1772 temporis
1119 1711 1211 1754 nuno

252 1779 285 1842 et
306 1778 410 1842 nostri
433 1777 596 1861 quondam
617 1777 719 1842 fuisse
739 1779 907 1862 rationem,
929 1781 975 1861 ut,
998 1780 1137 1860 questu
1159 1785 1210 1842 rei

250 1865 398 1949 publicae
417 1887 514 1930 causa
531 1865 679 1950 laeseras,
697 1866 805 1949 palem
822 1869 855 1930 te
874 1867 1109 1950 oppugnarent,
1128 1886 1209 1947 quo-

251 1975 323 2017 rum
346 1953 578 2037 auctoritatem,
602 1954 793 2039 dignitatem
811 1955 1074 2036 voluntatemque
1097 1953 1209 2018 defeu-

252 2040 353 2123 deras,
374 2063 442 2108 non
459 2045 528 2106 tam
545 2063 702 2108 memores
721 2046 829 2106 essent
851 2041 980 2107 virtutis
1002 2044 1086 2124 tuae,
1109 2063 1209 2124 quam

250 2129 355 2194 laudis
378 2129 508 2194 inimici.
554 2129 624 2206 Quo
648 2130 777 2215 quidem
799 2133 953 2214 tempore,
975 2132 1012 2193 ut
1033 2129 1208 2214 perscripsi

252 2217 292 2282 ad
315 2221 347 2282 te
376 2221 484 2302 antea,
513 2219 651 2302 cognovi
672 2217 883 2282 Hortensium
911 2217 1121 2301 percupidum
1147 2218 1207 2301 tui,
1284 2257 1285 2266 κ

251 2305 431 2370 studiosum
450 2305 629 2388 Lucullum,
651 2326 690 2368 ex
706 2305 949 2389 magistratibus
967 2309 1075 2370 autem
1092 2303 1127 2369 L.
1142 2304 1206 2370 Ra·

251 2393 360 2456 cilium
383 2395 416 2456 et
437 2392 500 2455 fide
523 2394 556 2464 et
578 2393 686 2457 animo
708 2392 877 2477 singulari3
899 2413 976 2456 nam
998 2396 1110 2458 nostra
1132 2415 1206 2476 pro·

250 2479 635 2632 lldlltlllltll
652 2479 1206 2652 tltllttltqttllllus

250 2677 319 2719 rom
342 2656 567 2721 auctoritatem
588 2655 707 2720 babere
730 2657 876 2720 videatur
898 2677 995 2740 quam
1018 2657 1206 2722 sententiae.

215 2741 421 2808 aPraeterea
449 2744 577 2827 quidem
605 2742 643 2808 de
671 2743 893 2810 consularibus
924 2745 1046 2808 nemini
1073 2766 1206 2828 possum

252 2835 309 2896 aut
332 2831 429 2895 studii
452 2853 530 2916 erga
556 2835 589 2896 te
612 2835 670 2896 aut
692 2832 790 2897 officii
818 2834 874 2896 aut
896 2832 991 2896 amici
1014 2833 1113 2896 animi
1136 2854 1206 2898 esse
1282 2865 1283 2876 κ

250 2919 356 2983 testis:
380 2919 499 2984 etenim
512 2918 710 3004 Pompeium,
729 2921 783 3004 qui
801 2941 926 2984 mecum
940 2921 1125 3004 saepissime
1138 2943 1207 2986 non

251 3008 357 3071 solum
378 3027 399 3071 a
421 3029 472 3071 me
495 3011 702 3091 provocatus,
731 3008 787 3073 sed
814 3008 912 3072 etiam
939 3030 997 3073 sua
1024 3011 1138 3092 sponte
1167 3009 1206 3073 de

251 3099 284 3160 te
298 3095 533 3161 communicare
547 3096 638 3178 solet,
657 3096 718 3161 sois
735 3096 933 3179 temporibus
947 3096 1011 3160 illis
1029 3117 1096 3162 non
1111 3118 1206 3181 saepe
1281 3149 1282 3152 ,

223 3257 225 3262 ,
251 3183 287 3248 in
319 3185 433 3248 senatu
463 3183 576 3266 fuisse3
607 3184 659 3248 oui
690 3183 819 3267 quidem
849 3184 975 3248 litterae
1006 3187 1095 3268 tuae,
1127 3205 1208 3267 quas

252 3271 396 3354 proxime
413 3271 555 3352 miseras,
578 3271 663 3354 quod
681 3271 777 3336 facile
796 3272 1016 3355 intellexerim,
1037 3271 1207 3356 periucun-

252 3358 312 3422 dae
325 3359 465 3423 fuerunt.
501 3358 583 3424 Mihi
597 3359 725 3442 quidem
739 3359 923 3426 humanitas
942 3364 999 3423 tua
1017 3360 1067 3424 vel
1081 3381 1208 3425 summa
1280 3415 1281 3426 ἶ

325 3547 377 3602 Eo.
398 3555 412 3603 7
438 3555 463 3604 3.
499 3554 639 3605 oructares
656 3551 777 3606 eceman
795 3551 880 3619 (Wlt
