2606 3994
344 199 603 256 nersromamr
621 199 681 254 nv.
702 177 813 255 rossa.
993 199 1058 265 529

99 345 207 428 rebus,
229 343 268 408 de
290 347 362 409 toto
384 345 526 430 negotio,
548 348 587 427 ut
604 344 785 410 existimare
804 345 974 430 possimus,
995 366 1058 428 quo

100 436 189 498 statu
212 433 324 497 simus:
348 453 408 518 ego
431 436 560 498 tantum
579 453 630 497 me
650 433 729 498 scire
748 433 879 518 putabo,
902 436 1059 518 quantum

100 543 140 585 ex
162 521 226 585 tuis
249 521 366 584 litteris
388 521 514 585 habebo
543 522 717 606 cognitum.
762 518 860 606 Oura,
886 525 924 586 ut
950 521 1058 600 valeas

100 630 214 693 meque
238 629 326 674 ames
349 629 457 678 amore
480 609 536 673 illo
560 613 616 674 tuo
640 609 806 694 singulari.

535 801 624 868 XXI.

100 913 159 968 Ser.
178 913 283 969 Romae
301 915 367 984 post
383 913 446 968 Kal.
465 913 525 969 Oct.
545 915 650 982 (mense
667 913 843 982 Decembris)
863 931 888 968 a.
907 933 933 969 u.
953 932 977 970 c.
997 921 1055 970 70⁶1.

304 1036 341 1090 M.
361 1035 490 1092 CICERO
510 1037 537 1092 S.
556 1037 589 1091 D.
609 1037 637 1092 O.
657 1035 850 1093 TREBONIO.

168 1135 214 1200 nt
234 1136 404 1221 epistolam
423 1139 514 1201 tuam
530 1137 597 1222 legi
613 1137 752 1202 libenter
770 1138 803 1200 et
819 1137 938 1202 librum
955 1137 1056 1201 liben-
1077 1147 1090 1194 1

100 1225 237 1308 tissime,
269 1224 325 1288 sed
353 1227 465 1289 tamen
495 1225 531 1289 in
561 1245 600 1288 ea
630 1225 795 1308 voluptate
829 1225 917 1289 hunc
948 1227 1056 1310 accepi

100 1313 254 1396 dolorem,
276 1312 371 1396 quod,
394 1309 493 1397 quum
511 1312 708 1378 incendisses
727 1312 935 1396 cupiditatem
952 1335 1057 1379 meam

100 1400 342 1466 consuetudinis
361 1401 529 1486 augendae
550 1403 738 1466 nostrae-
752 1422 829 1466 nam
851 1401 893 1465 ad
916 1423 1057 1467 amorem

100 1488 230 1574 quidem
257 1488 339 1552 nihil
365 1493 494 1572 poterat
521 1489 669 1554 accedere
693 1525 749 1573 -‚
775 1493 846 1554 tum
873 1489 1009 1555 discedis
1037 1513 1056 1556 a

99 1577 194 1642 nobis
217 1597 332 1660 meque
354 1579 448 1642 tanto
472 1576 628 1643 desiderio
652 1577 768 1661 afficis,
796 1580 834 1642 ut
855 1600 955 1642 unam
976 1579 1056 1643 mihi

101 1665 356 1730 consolationem
377 1665 549 1749 relinquas,
570 1665 640 1730 iore
663 1668 701 1730 nt
720 1666 886 1750 utriusque
909 1670 1056 1731 nostrum

100 1753 244 1818 absentis
267 1752 460 1817 desiderium
479 1753 597 1819 crebris
617 1756 650 1818 et
665 1754 774 1838 longis
794 1755 939 1838 epistolis
956 1755 1056 1819 lenia-

100 1844 165 1905 tur:
191 1840 277 1925 quod
300 1861 361 1926 ego
383 1862 451 1906 non
473 1842 569 1906 modo
593 1841 632 1906 de
654 1861 705 1905 me
723 1841 784 1905 tibi
803 1841 961 1926 spondere
982 1863 1055 1925 pos-

100 1951 181 2013 sum,
203 1928 259 1992 sed
283 1928 321 1992 dc
343 1932 376 1994 te
400 1929 497 1994 etiam
519 1930 613 2012 mihi3
639 1930 763 1994 nullam
786 1929 872 1993 enim
895 1929 980 2013 apud
1003 1949 1054 1994 me

99 2017 257 2100 reliquisti
281 2016 524 2102 dubitationem,
547 2020 704 2102 quantum
720 2038 772 2081 mc
792 2037 925 2093 amares.
960 2015 1090 2103 Nam,2

99 2109 137 2168 ut
164 2105 221 2168 illa
249 2105 409 2189 omittam,
437 2126 518 2190 quae
546 2106 674 2170 civitate
701 2107 784 2170 teste
810 2105 930 2189 iecisti,
957 2127 1055 2189 quum

99 2213 226 2256 mecum
247 2192 433 2258 inimicitias
461 2193 750 2276 communicavisti,
777 2215 876 2277 quum
903 2214 954 2257 mc
981 2214 1054 2259 con-

100 2280 247 2345 cionibus
261 2279 326 2344 tuis
340 2280 520 2366 defendisti,
540 2305 638 2366 quum
657 2284 809 2365 quaestor
825 2282 860 2345 in
874 2303 945 2346 mea
959 2285 1054 2366 atque

98 2369 134 2432 in
156 2368 287 2452 publica
310 2389 406 2434 causa
429 2371 597 2435 consulum
619 2373 728 2454 partes
751 2369 933 2456 suscepisti,
957 2392 1055 2454 quum

98 2457 229 2522 tribuno
252 2457 356 2541 plebis
380 2462 531 2542 quaestor
548 2480 616 2523 non
635 2459 780 2543 paruisti,
802 2459 854 2523 cui
871 2462 946 2524 tuns
964 2480 1055 2542 prae-

100 2545 211 2608 sertim
233 2545 359 2630 collega
379 2550 522 2631 pararet,
543 2551 581 2612 nt
602 2547 682 2612 haec
704 2548 860 2629 recentia,
886 2569 968 2631 quae
990 2569 1054 2612 me·

99 2632 223 2697 minero
246 2654 380 2718 semper,
404 2634 586 2718 obliviscar,
613 2656 696 2719 quae
722 2638 780 2700 tua
807 2635 988 2699 sollicitudo
1016 2635 1054 2700 de

100 2740 151 2783 me
177 2719 213 2784 in
240 2723 351 2805 armis,
383 2743 464 2805 quae
494 2722 619 2786 laetitia
649 2723 683 2785 in
710 2722 829 2805 reditu,
857 2743 937 2805 quae
970 2742 1055 2806 cura,

100 2807 155 2891 qni
178 2807 283 2893 dolor,
310 2831 409 2893 quum
437 2810 478 2874 ad
504 2813 538 2874 te
561 2831 655 2875 curae
683 2813 716 2874 et
741 2809 868 2874 dolores
895 2809 958 2874 mei
984 2832 1054 2894 per-

98 2895 274 2980 ferrentur,
300 2895 509 2963 Brundisium
532 2897 668 2981 denique
690 2900 723 2962 te
747 2898 788 2962 ad
810 2919 861 2962 me
883 2901 1054 2964 venturum

97 2983 212 3069 fuisse,
238 2984 303 3049 nisi
329 2986 436 3051 subito
463 2987 499 3050 in
525 2985 718 3071 Hispaniam
744 2985 870 3051 missus'
889 3008 987 3071 esses,
1011 3024 1053 3034 —

97 3075 135 3136 ut
165 3071 246 3137 haec
277 3072 377 3158 igitur
414 3075 575 3160 omittam,
611 3096 692 3158 quac
726 3075 806 3140 mihi
840 3076 925 3139 tanti
960 3075 1054 3138 aesti·

98 3160 218 3224 manda
232 3164 317 3246 sunt,
335 3163 449 3246 quanti
467 3163 568 3228 vitam
582 3163 715 3228 aestimo
735 3168 768 3228 et
786 3163 922 3228 salutem
940 3183 1054 3246 meam,

96 3247 179 3312 liber
194 3249 272 3334 iste,
295 3271 390 3334 quem
413 3251 493 3316 mihi
516 3252 639 3335 misisti,
662 3255 817 3336 quantam
834 3251 934 3316 habet
951 3250 1053 3315 decla-

168 3457 219 3527 Ep.
239 3465 282 3526 21,
297 3466 322 3514 2.
354 3460 740 3528 pareret,ct...perrt,Br.
761 3463 1050 3524 ...casea—ct...

95 3543 191 3594 onam,
210 3529 227 3582 l.
247 3530 322 3599 (W.).
354 3546 402 3598 p.;
420 3534 452 3584 at
524 3546 572 3598 μς
589 3531 639 3590 Br.
720 3547 757 3596 c.;
774 3534 806 3585 ut
880 3547 930 3582 aa:
949 3529 966 3584 l.
985 3529 1016 3584 B.

150 3615 264 3658 Oicercnis
278 3618 341 3668 epist.
354 3619 374 3661 Ι.
804 3621 839 3669 84
