2644 3988
408 229 667 317 EPISTOLARUM
685 231 747 286 ΧΠ.
768 237 808 287 12.
829 239 870 286 13.
1054 189 1139 298 389ἢ

163 396 235 438 esse
258 374 458 458 maximeque
484 378 588 459 tuum,
615 376 654 440 de
682 376 771 440 euius
798 376 965 443 voluntate
992 379 1119 444 assidue

164 462 325 528 audiendo
357 463 489 528 mirifice
519 467 552 528 te
585 464 691 550 diligit
718 486 889 549 carumque
921 465 1032 531 habet:
1065 469 1120 551 qui

164 551 193 615 si
215 551 410 616 intellexerit
432 552 600 618 commoda
623 576 682 618 sua
704 575 798 620 curae
820 555 882 618 tibi
904 576 982 640 esse,
1005 555 1119 620 debere

165 641 264 704 etiam
288 661 321 704 se
344 640 404 705 tibi
428 641 538 706 omnia
559 643 696 726 putabit.

232 728 363 794 Litteris
391 729 518 814 scriptis
547 731 655 796 andivi
673 731 879 796 Dolabellam
909 733 945 796 in
975 729 1154 798 Oiliciama

164 818 291 883 venisse
324 839 397 883 cum
429 819 495 883 suis
532 820 644 904 copiis:
680 821 866 904 proficiscar
900 821 936 886 in
967 819 1120 886 Ciliciam.

164 907 250 982 Quid
277 907 410 993 egerim,
438 908 582 973 celeriter
607 914 646 974 ut
672 909 767 992 scias,
799 908 882 974 dabo
911 931 1056 993 operam3
1083 931 1120 974 ac

163 996 271 1080 velim,
293 999 330 1060 ut
352 1017 511 1062 meremur
533 997 628 1062 dere
651 997 790 1082 publica,
812 998 857 1062 sic
879 999 988 1063 felices
1012 999 1120 1063 rimus.

164 1083 232 1150 Fac
253 1084 361 1150 valeas
384 1106 497 1170 meque
517 1107 617 1156 ames.
661 1085 767 1151 Nonis
790 1085 884 1151 Maiis
908 1106 947 1151 ex
969 1087 1092 1152 eastris.

598 1280 689 1346 XIII.

164 1392 242 1447 Data
259 1393 303 1448 est
321 1391 413 1463 Cypro
432 1392 704 1462 aCrommyoacride
723 1393 818 1448 Idibus
837 1392 924 1448 Iuniis
941 1399 1120 1448 a.u.c.'111.

340 1514 371 1578 l.
391 1516 536 1572 CASSIUS
555 1516 585 1584 Q.
605 1517 632 1572 S.
652 1517 686 1573 D.
704 1518 742 1574 M.
761 1516 940 1574 CICERONI.

235 1614 266 1681 S.
279 1639 309 1680 v.
322 1617 353 1680 b.
368 1637 394 1680 e.
407 1639 433 1681 e.
451 1641 482 1682 v.
518 1616 623 1692 Quum
645 1619 857 1703 reipublicae
874 1619 926 1683 vel
945 1620 1048 1683 salute
1071 1619 1122 1683 vel
1142 1631 1154 1679 1

168 1705 302 1770 victoria
325 1706 513 1790 gaudemus,
540 1709 610 1770 tum
637 1707 872 1772 instauratione
898 1711 1028 1771 tuarum
1053 1707 1122 1771 lau·

167 1793 254 1878 dum,
277 1794 363 1877 quod
385 1795 543 1858 maximus
567 1796 745 1859 consularis
763 1796 939 1860 maximum
958 1796 1122 1860 consulem

166 1887 199 1948 te
222 1883 291 1967 ipse
313 1882 428 1966 vicisti,
450 1886 484 1947 et
504 1883 662 1948 laetamur
685 1887 718 1947 et
738 1884 848 1948 mirari
862 1885 941 1948 satis
964 1905 1032 1948 non
1050 1905 1122 1967 pos·

168 1992 288 2036 sumus.
332 1969 445 2036 Fatale
473 1971 581 2036 nescio
610 1971 687 2056 quid
709 1976 784 2036 tuae
807 1972 920 2037 virtuti
943 1971 1067 2053 datum,
1084 1971 1122 2058 id

168 2060 255 2143 quod
278 2081 372 2144 saepe
395 2060 461 2124 iam
484 2059 607 2143 experti
630 2082 753 2144 sumus3
780 2063 830 2124 est
857 2060 942 2125 enim
965 2062 1022 2124 tua
1044 2063 1123 2143 toga

168 2149 314 2212 omnium
345 2149 442 2213 armis
473 2149 610 2232 felicior3
642 2170 723 2232 quae
750 2171 837 2212 nunc
869 2168 996 2231 quoque
1027 2147 1122 2211 nobis

168 2257 271 2319 paene
297 2237 415 2301 victam
446 2259 515 2302 rem
546 2237 708 2322 publicam
738 2259 778 2302 ex
803 2237 953 2300 manibus
980 2235 1123 2300 hostium

169 2324 288 2408 eripuit
300 2345 337 2390 ae
350 2325 498 2391 reddidit.
533 2325 628 2392 Nune
648 2347 724 2412 ergo
743 2326 893 2398 vivemus
907 2325 1013 2406 liberi3
1036 2345 1123 2387 nunc

168 2417 215 2497 te,
245 2414 389 2479 omnium
411 2415 549 2480 maxime
576 2416 654 2480 civis
677 2418 711 2479 et
736 2414 816 2478 mihi
839 2413 1001 2478 carissime
1024 2411 1123 2476 -id

169 2501 256 2584 quod
277 2503 425 2566 maximis
448 2505 495 2568 rei
521 2504 667 2588 publicae
694 2503 836 2567 tenebris
864 2502 1048 2586 comperisti
1071 2537 1124 2584 -,

168 2611 256 2652 nunc
286 2595 320 2654 te
350 2590 541 2656 habebimus
571 2595 688 2656 testem
719 2592 823 2656 nostri
850 2596 883 2656 et
911 2591 947 2654 in
973 2594 1006 2654 te
1034 2593 1067 2654 et
1088 2589 1121 2652 in

169 2677 465 2744 coniunctissimam
483 2680 543 2744 tibi
560 2701 628 2744 rem
645 2680 808 2763 publicam
827 2679 955 2762 amoris,
978 2682 1019 2761 et,
1042 2698 1122 2760 quae

169 2786 266 2850 saepe
288 2766 451 2850 pollicitus
469 2789 504 2832 es
521 2770 554 2833 te
572 2771 605 2832 et
621 2767 804 2850 taciturum,
827 2767 904 2832 dum
924 2767 1124 2850 serviremus,

169 2857 203 2917 et
226 2854 386 2920 dicturum
409 2854 447 2920 de
470 2859 626 2938 metum,
656 2877 755 2939 quum
781 2855 861 2919 mihi
882 2854 1053 2939 profutura
1075 2875 1123 2917 es·

169 2945 256 3025 sent,
281 2965 369 3008 nunc
395 2945 452 3009 illa
478 2966 546 3010 non
572 2963 633 3029 ego
660 2945 789 3028 quidem
821 2943 884 3008 dici
909 2946 1004 3008 tanto
1027 2963 1124 3025 opere

169 3029 357 3097 desiderabo
380 3054 477 3116 quam
501 3033 612 3098 sentiri
635 3055 655 3096 a
672 3035 705 3096 te
723 3033 807 3116 ips03
829 3053 933 3116 neque
952 3031 1039 3096 enim
1057 3052 1124 3094 om·

168 3118 260 3184 nium
282 3120 400 3186 iudicio
419 3122 528 3184 malim
546 3142 597 3184 me
616 3124 686 3185 ate
705 3120 921 3185 commendari
939 3140 1036 3204 quam
1054 3117 1125 3202 ipse

168 3211 226 3272 tuo
249 3208 367 3273 iudicio
391 3209 487 3294 digne
511 3230 547 3272 ac
569 3229 695 3273 mereor
717 3209 959 3273 commendatus
982 3227 1064 3288 esse,
1086 3208 1125 3270 ut

168 3294 250 3359 haee
271 3297 448 3361 novissima
468 3299 581 3361 nostra
602 3297 691 3361 facta
712 3317 780 3361 nou
803 3297 909 3360 subita
931 3315 991 3359 nec
1012 3295 1123 3358 tracon·

168 3383 345 3469 venientia,
377 3385 432 3448 sed
465 3385 581 3448 similia
607 3383 672 3449 illis
695 3384 959 3470 cogitationibus,
988 3404 1123 3466 quarum

168 3475 207 3535 tu
229 3473 322 3536 testis
345 3493 389 3557 ea,
411 3472 510 3537 fuisse
529 3472 650 3538 iudices
664 3494 778 3557 meque
797 3473 837 3537 ad
856 3471 1012 3555 optimam
1033 3492 1122 3554 spem

165 3559 293 3642 patriae
315 3581 383 3626 non
406 3561 575 3627 minimum
597 3562 657 3626 tibi
679 3561 742 3645 ipsi
760 3559 1001 3646 producendum
1020 3562 1125 3642 putes.

230 3659 281 3727 Ep.
298 3666 339 3716 13.
353 3660 386 3714 L.
407 3659 572 3717 CASSIUS
581 3659 714 3726 (Krause).
734 3657 763 3712 0.
779 3653 943 3712 CASSIUS
956 3654 1002 3722 M,
1016 3652 1110 3720 vulga.
