2644 3988
259 251 325 316 404
542 250 578 304 M.
598 249 722 306 TULLII
739 247 930 304 CICERONIS

260 417 322 480 que
335 396 430 461 rebus
450 395 599 460 omnibus
618 394 686 460 eius
700 393 851 479 dignitati
864 393 981 476 reique,
999 391 1027 456 si
1044 411 1097 456 me
1116 413 1218 475 ames,

260 484 420 635 consules:
452 483 513 548 erit
543 483 577 548 id
607 483 687 549 mihi
719 481 945 568 grafisumum.
994 479 1046 544 Da
1073 501 1218 564 operam,
1314 567 1315 578 ἵ

259 576 297 638 ut
318 595 359 638 ru
372 594 435 637 eae.

681 763 786 831 XXII.
902 706 905 710 Ι

330 876 387 934 Ser.
407 877 512 933 Romae
531 877 649 932 exeunte
667 892 762 932 mense
778 873 926 931 Decembri
944 891 968 929 a.
987 891 1014 928 u.
1033 890 1056 929 o.
1078 880 1139 929 710.

510 999 639 1057 CICERO
659 999 866 1056 CORNIFICIO
885 997 960 1053 SAL.

226 1115 239 1162 1
324 1099 395 1166 Nos
412 1101 466 1167 hic
484 1123 557 1166 cum
574 1101 705 1166 homine
724 1100 901 1186 gladiatore
919 1098 1064 1164 omnium
1086 1099 1216 1183 nequis·

260 1190 351 1275 simo,
374 1191 499 1276 collega
520 1192 644 1274 nostro,
665 1188 819 1275 Antonio,
841 1189 962 1253 bellom
985 1187 1136 1272 gerimus,
1160 1187 1216 1252 sed

258 1301 328 1344 non
349 1279 421 1363 pari
439 1277 636 1362 condicione,
658 1281 772 1343 contra
790 1298 880 1341 erma
896 1276 1011 1341 verbis.
1048 1273 1095 1339 At
1117 1275 1216 1341 etiam

260 1367 299 1432 dc
321 1370 354 1431 te
377 1367 600 1451 concionatur,
622 1387 682 1430 nec
703 1366 848 1450 impune;
875 1387 951 1430 nam
975 1364 1105 1447 sentiet,
1133 1385 1217 1448 quos

259 1454 443 1520 lacessierit.
487 1454 561 1539 Ego
589 1457 697 1519 autem
724 1457 798 1518 acta
819 1453 860 1518 ad
882 1457 915 1518 te
939 1453 1048 1518 omnia
1075 1451 1217 1518 arbitror

259 1543 414 1628 perscribi
441 1543 481 1606 ab
510 1543 596 1626 aliis,
627 1564 725 1607 ame
751 1543 862 1606 futura
887 1541 984 1606 debes
1010 1561 1217 1626 cognoscere,

225 1651 397 1716 equorum
425 1630 552 1715 quidem
583 1652 651 1696 non
678 1633 728 1695 est
759 1629 898 1695 difficilis
928 1629 1126 1695 coniectura:
1160 1650 1216 1714 op·

259 1740 370 1805 presse
392 1720 501 1784 omnia
524 1723 608 1803 sunt,
630 1740 690 1784 neo
712 1718 834 1783 hebent
856 1719 969 1783 ducem
987 1718 1074 1802 boni,
1096 1719 1217 1783 nostri·
1314 1789 1315 1794 γ

260 1829 321 1892 que
344 1808 572 1893 tyrannoctoni
594 1809 691 1893 longe
715 1807 860 1892 gentium
883 1807 1009 1871 absunt
1052 1805 1161 1871 Pansa
1185 1810 1218 1872 et

260 1897 359 1961 sentIt
380 1898 462 1961 bene
486 1900 519 1960 et
540 1896 682 1980 loquitur
704 1896 845 1977 fortiter,
867 1893 993 1960 Hirtius
1015 1898 1128 1960 noster
1150 1898 1216 1960 tar·
1314 1917 1315 1924 ¹

260 1985 331 2050 dius
354 1984 557 2050 convalescit.
602 1983 685 2060 Quid
711 1983 856 2047 futurum
884 1983 941 2067 sit,
967 1984 1064 2066 plene
1091 1983 1218 2067 nescio,

260 2076 465 2158 spectamen
492 2094 559 2136 una
582 2075 631 2136 est
653 2071 824 2154 aliquando
851 2071 1008 2155 populum
1029 2070 1218 2136 Romanum

259 2161 417 2226 maiorum
440 2161 577 2226 similem
597 2160 676 2225 fore.
711 2159 784 2244 Ego
808 2163 893 2224 certe
910 2160 957 2225 rei
975 2158 1124 2244 publicae
1147 2181 1218 2225 nou

259 2248 354 2314 deero
377 2253 419 2332 et,
441 2248 595 2336 quidquid
613 2247 771 2333 acciderit,
794 2270 814 2311 a
831 2268 894 2331 quo
913 2269 985 2312 mea
1002 2249 1098 2332 culpa
1120 2249 1219 2333 absit,

259 2337 368 2402 auimo
399 2337 477 2401 forti
507 2331 622 2420 ieram3
652 2334 733 2399 illud
763 2335 922 2420 profecto,
954 2337 1060 2420 quoad
1086 2340 1218 2420 potero:

225 2427 350 2490 aluam
371 2424 493 2488 famam
520 2429 553 2489 et
579 2424 771 2510 dignitatem
792 2422 916 2488 tuebor.
966 2423 1006 2488 Α.
1029 2425 1058 2489 d.
1081 2441 1152 2490 xm.
1175 2425 1219 2490 K.

259 2508 329 2573 Ian.
352 2515 482 2574 senatus
509 2511 659 2595 frequens
686 2512 766 2576 milri
792 2514 842 2576 est
868 2533 1020 2577 assensus
1047 2535 1148 2597 quum
1175 2515 1219 2580 dc

261 2598 374 2662 ceteris
396 2598 493 2664 rebus
514 2600 641 2684 magnis
664 2600 917 2685 etnecessariir,
937 2603 1009 2666 tum
1027 2599 1066 2666 de
1084 2603 1218 2686 provin·

260 2684 318 2748 ciis
337 2686 377 2750 ab
395 2687 444 2770 iis,
463 2687 518 2770 qui
536 2687 729 2772 obtinerent,
746 2689 923 2754 retinendis
940 2710 1046 2774 neque
1064 2690 1219 2775 cuiquam

259 2773 433 2858 tradendis,
456 2774 518 2840 nisi
541 2775 596 2859 qui
614 2797 653 2840 ex
671 2779 801 2842 senatus
824 2778 972 2843 consulto
996 2779 1219 2845 successisset:

259 2858 323 2924 hoc
345 2882 405 2946 ego
429 2882 527 2945 quum
548 2863 596 2927 rei
617 2863 764 2947 publicae
791 2885 888 2930 causa
910 2866 1035 2950 censui,
1056 2869 1127 2931 tum
1150 2891 1218 2934 me-

259 2947 389 3012 hercule
410 2949 448 3013 in
468 2951 579 3033 primis
596 2951 783 3017 retinendae
804 2953 973 3038 dignitatis
991 2957 1080 3038 tuae,
1104 2977 1218 3040 quam-

260 3034 371 3100 obrem
397 3038 431 3100 te
457 3039 575 3104 amoris
601 3040 705 3103 nostri
736 3061 833 3105 causa
863 3063 957 3127 rogo,
988 3043 1036 3106 rei
1066 3044 1218 3129 publicae

260 3143 357 3188 causa
377 3123 500 3208 hortor,
521 3129 558 3190 ut
579 3147 622 3190 ne
644 3128 696 3190 cui
718 3128 892 3212 quidquam
910 3130 989 3194 iuris
1012 3131 1047 3195 in
1065 3135 1124 3196 tna
1141 3155 1218 3218 pro-
1314 3139 1315 3160 ²

204 3227 214 3239 ·
259 3211 365 3278 vincit
387 3233 457 3276 esee
473 3213 597 3296 patiare
616 3217 711 3298 atque
729 3219 767 3280 ut
784 3217 893 3282 omnia
910 3218 1033 3283 referas
1050 3220 1092 3284 ad
1110 3221 1218 3308 digni·
1314 3223 1315 3290 Ϊ

225 3301 373 3383 ttatem,
404 3321 468 3384 qua
499 3301 582 3364 nihil
613 3321 682 3366 esse
700 3301 822 3387 ‘potest
851 3307 1079 3390 praestantius.
1129 3309 1218 3376 Vere
1314 3299 1315 3344 l

330 3503 381 3587 Ep.
401 3512 443 3572 22,
458 3513 482 3560 3.
518 3511 629 3563 senum
650 3509 776 3578 [reorum
798 3513 912 3586 (vulgo).
954 3531 975 3571 s.
996 3522 1046 3572 out
1062 3517 1099 3586 fr.
1119 3518 1157 3574 Μ.
1196 3535 1219 3576 s.

260 3570 337 3626 haud
354 3575 421 3641 infr.
441 3575 471 3629 B.
