2578 3978
266 195 307 256 14
546 195 583 250 M.
603 193 728 250 TULLII
746 193 936 249 CICERONIS

263 340 383 406 nostris
406 339 529 405 eventis
552 337 775 404 communibus
803 338 1040 404 admonendum
1062 341 1223 422 putarem,
1275 337 1276 390 i

262 431 301 492 ut
323 428 550 511 considerares,
572 427 608 490 in
630 427 719 492 omui
741 425 865 510 reliqua
886 427 954 491 vita
974 426 1089 510 quibus
1113 427 1222 491 crede·
1275 391 1276 466 i

213 531 245 579 10
263 538 324 601 res,
347 539 427 600 quos
450 535 587 580 caveres,
632 513 724 590 Quod
748 515 860 580 scribis
882 517 915 580 te
937 515 1019 579 velle
1042 515 1136 600 scire,
1163 517 1222 599 qui

264 605 307 669 sit
331 605 381 669 rei
407 604 554 689 publicae
586 606 703 686 status,
734 624 859 667 summa
886 602 1042 668 dissensio
1070 607 1131 687 est,
1163 605 1223 668 sed
1275 605 1276 684 t

263 693 429 759 contentio
452 691 573 776 dispar,
595 713 686 774 nam,
709 691 764 774 qui
785 690 859 774 plus
882 691 1010 775 opibus,
1033 691 1140 776 armis,
1161 714 1222 776 po·
1275 701 1276 778 t

262 780 366 845 tentia
386 780 505 864 valent,
527 780 701 865 profecisse
723 782 852 842 tantum
869 779 949 843 mihi
967 779 1118 844 videntur
1141 782 1222 844 stul·

262 869 335 933 titia
357 872 391 932 et
412 867 632 934 inconstantia
650 867 915 953 adversariorum,
937 871 975 932 ut
993 868 1091 932 etiam
1109 872 1221 934 aucto-

262 958 358 1022 rItate
385 957 450 1020 iam
477 956 550 1040 plus
581 956 738 1021 valerent:
769 955 879 1039 itaque
907 956 1077 1040 perpaucis
1108 955 1222 1029 adver·

263 1043 410 1109 canthus
433 1044 550 1128 omnia,
573 1065 655 1128 quae
677 1064 718 1109 ne
741 1065 800 1128 per
820 1045 977 1128 populum
998 1044 1126 1128 quidem
1149 1045 1223 1108 sine

263 1133 420 1198 seditione
438 1155 473 1198 se
492 1133 619 1216 assequi
637 1132 887 1216 arbitrabantur,
904 1153 962 1216 per
980 1135 1129 1197 mustum
1142 1153 1221 1197 oon·
1275 1151 1276 1246 q

263 1222 364 1286 secuti
391 1224 480 1304 sunt;
510 1242 588 1286 nam
614 1224 647 1285 et
674 1221 869 1305 stipendium
896 1218 1026 1285 Caesari
1055 1221 1221 1286 decretum
1275 1257 1276 1342 ,

263 1313 312 1373 est
339 1313 372 1374 et
398 1308 508 1373 decem
533 1309 634 1393 legati
657 1312 702 1392 et,
728 1330 769 1374 ne
796 1309 868 1394 lege
895 1306 1085 1392 Sempronia
1112 1330 1220 1374 succe·
1275 1345 1276 1390 ,

263 1397 404 1481 deretur,
426 1396 520 1461 facile
543 1397 722 1480 perfectum
744 1399 802 1462 est.
847 1395 940 1472 Quod
962 1418 1001 1462 eo
1023 1397 1065 1461 ad
1091 1399 1124 1462 te
1146 1397 1220 1462 bre·
1275 1395 1276 1462 i

262 1485 333 1550 vius
361 1485 480 1569 scribo,
507 1485 584 1569 quia
609 1505 661 1549 me
688 1487 793 1550 status
821 1485 874 1549 hie
901 1485 949 1548 rei
974 1485 1121 1569 publicae
1148 1507 1221 1550 non

262 1573 414 1656 delectat,
437 1571 542 1638 scribo
564 1575 683 1657 tamen
705 1577 742 1637 ut
763 1577 796 1638 te
817 1574 1017 1657 admoneam,
1039 1573 1125 1657 quod
1147 1573 1220 1657 ipse

262 1661 378 1726 litteris
393 1661 542 1726 omnibus
561 1682 581 1724 a
598 1661 737 1745 pueritia
757 1661 883 1725 dedItus
897 1661 1089 1744 experiendo
1106 1665 1220 1726 mmen

262 1751 366 1834 magis
389 1771 487 1833 quam
509 1748 660 1814 discendo
684 1749 835 1834 cognovi,
860 1752 898 1812 tu
924 1749 989 1814 tuis
1016 1749 1112 1814 rebus
1134 1749 1220 1814 inte-

262 1839 329 1922 gris
352 1838 470 1922 diseas,
495 1858 600 1921 neque
624 1837 737 1902 salutis
759 1841 888 1902 nostrae
915 1837 1074 1902 rationem
1096 1837 1220 1903 haben·

262 1925 336 2012 dam
358 1926 454 1991 nobis
477 1947 546 1990 esse
569 1927 638 1990 sine
661 1925 818 2010 dignitate
835 1947 940 2009 neque
961 1925 1128 2010 dignitatis
1147 1927 1220 1991 sine

211 2026 242 2075 11
262 2015 376 2079 salute.
420 2013 513 2090 Quod
539 2013 619 2078 mihi
646 2013 685 2078 de
712 2013 779 2078 filia
806 2016 840 2078 et
866 2013 905 2078 de
929 2011 1117 2097 Crassipede
1145 2036 1218 2100 gra·

261 2103 385 2186 talaris,
398 2123 541 2188 agnosco
558 2101 795 2167 humanitatem
807 2105 898 2166 tuam
916 2123 1072 2187 speroque
1091 2106 1124 2166 et
1139 2107 1217 2188 opto

261 2191 356 2256 nobis
382 2191 469 2267 hanc
495 2191 756 2255 coniunctionem
782 2190 942 2273 voluptati
968 2189 1046 2255 fore.
1096 2189 1216 2256 Lentu·

261 2281 328 2344 lum
342 2281 499 2363 nostrum,
517 2278 633 2342 eximia
651 2299 707 2360 spe
726 2299 868 2341 summae
887 2277 1014 2342 virtutis
1032 2277 1217 2352 adolescen-

260 2371 336 2450 tem,
358 2388 458 2449 quum
481 2365 594 2430 ceteris
618 2365 754 2448 artibus,
777 2365 893 2448 quibus
916 2365 1068 2452 studuisti
1090 2387 1218 2452 semper

224 2479 226 2483 ·
260 2455 339 2539 ipse,
360 2457 431 2518 tum
453 2454 489 2517 in
506 2453 617 2536 primis
634 2453 814 2518 imitatione
832 2454 882 2518 tui
898 2452 951 2518 fac
969 2454 1104 2539 erudias,
1125 2455 1218 2520 nulla
1275 2451 1276 2492 ¹

261 2543 348 2607 enim
370 2541 431 2606 erit
452 2541 514 2606 hac
535 2541 752 2626 praestantior
775 2541 955 2626 disciplina:
978 2563 1073 2626 quem
1091 2564 1162 2628 uos,
1185 2545 1217 2606 et
1275 2499 1276 2574 i

261 2631 337 2714 quia
359 2633 490 2694 tuus-et
513 2629 589 2713 quia
614 2633 647 2694 te
670 2630 786 2715 dignus
814 2634 864 2695 cst
885 2630 969 2695 filius
997 2634 1031 2694 et
1057 2632 1133 2715 quia
1156 2651 1216 2696 nos

261 2717 367 2803 diligit
390 2738 577 2802 semperque
600 2718 719 2803 dilexit,
741 2719 777 2783 in
794 2719 906 2803 primis
924 2740 1070 2784 amamus
1093 2740 1216 2784 earum·
1275 2705 1276 2796 i

262 2827 322 2890 que
344 2807 510 2871 habemus.

330 3067 383 3138 Ep.
403 3075 427 3136 t,
448 3074 488 3124 10.
525 3069 646 3137 coquent,
664 3072 696 3122 ta
709 3069 764 3122 tute
783 3069 849 3136 (W.)
869 3069 919 3122 aut
936 3084 967 3134 e,
986 3069 1016 3123 id
1030 3073 1061 3122 tu
1074 3069 1130 3122 tuis
1148 3066 1215 3135 (W.)

261 3140 311 3265 zqt
325 3155 360 3264 lq,
378 3140 409 3196 id
426 3144 458 3194 at
476 3143 507 3194 tu
525 3139 581 3194 tais
600 3138 640 3206 (L.
661 3141 749 3208 1584).
785 3155 808 3196 a
832 3138 912 3194 Utac's
930 3139 966 3193 Μ.
1003 3155 1040 3206 a,
1062 3143 1093 3192 tu
1111 3144 1142 3194 at
1160 3137 1216 3192 tuis

1275 3719 1276 3782 t

1275 3823 1276 3864 1

1275 3889 1276 3931 t
