2556 3986
329 221 588 284 EPISTOLARUM
605 220 679 275 XVI.
698 225 775 272 3-5.
963 220 1028 288 535

66 381 139 444 ulla
166 377 200 442 in
227 397 276 460 re,
303 375 389 459 quod
416 373 457 438 ad
479 373 696 438 valetudinem
718 393 799 456 opus
829 370 883 436 sit:
915 370 1028 454 scripsi

65 467 113 531 ad
137 463 283 547 Curium,
306 461 392 547 quod
415 461 561 546 dixisses,
587 461 691 543 daret3
717 459 840 526 medico
863 459 926 542 ipsi
947 462 1028 542 puto

64 554 195 636 aliquid
219 551 360 616 dandum
383 571 461 634 esse,
483 571 549 633 quo
567 549 610 613 sit
627 548 808 614 studiosior.
839 545 1026 614 Innumera-
1046 561 1061 608 3

66 643 152 706 bilia
174 645 231 706 tna
254 643 330 704 sunt
347 639 382 702 in
400 660 451 702 me
470 637 586 722 officis,
608 636 784 702 domestica
803 635 954 719 forensia,
975 657 1029 700 nr·

66 731 161 794 bane
182 727 401 812 provincialis,
422 727 458 790 in
479 747 514 790 re
537 727 664 809 privata
685 726 720 792 in
742 725 884 809 publice,
903 724 940 789 in
962 726 1027 788 stu·

65 819 135 882 diis
158 818 193 881 in
215 816 331 882 litteris
353 815 485 880 nostris:
513 813 622 880 omnia
647 813 775 896 viceris,
797 813 838 896 si,
864 815 904 879 nt
925 833 1028 896 spero,

66 911 104 970 te
128 905 270 973 validum
293 903 411 981 videno.
447 902 520 988 Ego
538 905 617 987 puto
636 905 670 966 te
691 902 874 985 bellissime,
897 901 1027 966 sirecte

66 995 144 1077 erit,
166 1015 240 1060 aum
267 993 435 1075 quaestore
457 989 612 1057 Messinio
641 990 861 1056 decursurum:
890 1010 957 1054 non
979 989 1029 1054 in-

67 1083 235 1148 humanus
258 1083 308 1144 est
329 1083 433 1164 teque,
455 1083 493 1144 nt
514 1078 594 1144 mihi
612 1078 699 1143 visus
718 1081 776 1161 est,
798 1078 912 1162 diligit.
950 1073 1025 1162 [Et]

68 1192 174 1253 quum
187 1167 365 1236 valetudini
378 1171 452 1232 tuae
467 1166 710 1251 diligentissime
725 1166 932 1249 consulueris,
949 1168 1028 1248 tuni,

67 1257 118 1324 mi
142 1257 228 1340 Tiro,
251 1256 409 1322 consulito
432 1255 646 1339 navigationi:
673 1255 764 1320 nulla
789 1255 825 1318 in
851 1275 886 1318 re
908 1254 974 1319 iam
995 1256 1028 1316 te
1141 1305 1145 1309 .
1268 1295 1269 1298 ¹

69 1346 229 1410 festinare
251 1345 340 1426 volo;
362 1344 443 1410 nihil
466 1343 578 1409 laboro
600 1343 665 1408 nisi
687 1345 725 1408 ut
747 1343 855 1408 salvus
878 1342 930 1406 sis.
975 1339 1063 1405 Sion

69 1434 203 1516 habeto,
224 1434 270 1498 mi
292 1431 378 1516 Tiro,
400 1431 563 1496 neminem
586 1451 664 1515 esse,
687 1430 741 1514 qni
763 1452 815 1496 me
833 1433 927 1512 amet,
950 1429 1028 1513 quin

69 1523 160 1586 idem
181 1525 215 1586 te
238 1524 336 1586 amet:
364 1542 463 1604 quum
488 1523 547 1585 tus
574 1522 607 1584 et
632 1540 705 1584 mee
730 1519 867 1584 maxime
893 1519 1029 1582 interest

69 1615 106 1674 te
129 1611 244 1694 velere,
265 1612 336 1674 tum
358 1609 468 1676 multia
491 1611 541 1674 est
558 1628 662 1672 ouras.
701 1605 827 1690 Adhuo,
850 1607 926 1672 dum
948 1605 1028 1670 mihi

70 1698 164 1762 nullo
186 1699 259 1762 loeo
281 1697 391 1762 deesse
413 1697 476 1779 vis,
502 1717 679 1778 numquam
699 1699 732 1759 te
756 1695 945 1762 eonfirmsre
971 1715 1029 1778 po

70 1785 179 1848 tuisti:
206 1804 294 1847 nune
321 1787 354 1847 te
376 1784 459 1847 nihil
487 1782 634 1866 impedit,
662 1783 770 1846 omnia
797 1783 934 1866 depone,
961 1803 1027 1846 eor-

72 1872 147 1956 pori
179 1871 271 1934 servi.
322 1869 484 1945 Quantam
515 1869 716 1954 diligentiam
746 1871 782 1933 in
813 1869 1029 1934 valetudinem

71 1965 166 2024 tuam
189 1957 371 2041 contuleris,
393 1957 479 2022 tanti
500 1978 551 2024 me
573 1957 682 2020 fieris
699 1959 732 2020 te
749 1957 907 2022 iudicabo.
938 1957 1029 2040 Vale,

74 2048 120 2112 mi
149 2047 238 2130 Tiro,
260 2045 345 2129 vale,
372 2045 442 2110 vale
470 2047 503 2108 et
530 2045 625 2108 salve.
674 2043 778 2128 Lepta
806 2045 866 2110 tibi
892 2045 1029 2110 salutem

74 2135 154 2200 dieit
176 2139 210 2200 et
232 2155 353 2200 omnes.
397 2132 489 2198 Vale.
524 2150 582 2196 vn.
604 2131 652 2198 Id.
674 2130 757 2197 Nov.
779 2132 934 2198 Leueade.

534 2341 574 2407 V.

165 2453 221 2510 Ser.
241 2454 368 2510 hemme
386 2454 446 2510 VIL
465 2454 531 2510 Idus
550 2454 723 2512 Novembres
742 2469 766 2509 a.
786 2472 812 2510 u.
832 2470 855 2510 o.
876 2461 936 2510 704.

75 2578 230 2634 TULLIUS
248 2577 296 2632 ET
315 2577 444 2633 CICERO
463 2577 511 2632 ΕΤ
530 2579 561 2644 Q.
581 2577 612 2644 Q.
631 2577 759 2632 TIRONI
776 2577 1028 2636 HUMANISSIMO

296 2649 343 2703 ET
363 2649 499 2704 OPTIMO
520 2649 595 2704 SAL.
614 2649 717 2704 PLUR.
736 2648 804 2704 DIC.

143 2747 239 2833 Vide,
271 2753 392 2833 quanta
424 2749 467 2814 sit
496 2750 532 2813 in
563 2753 596 2813 te
628 2749 784 2814 suavitas:
822 2748 900 2814 duas
932 2749 1063 2814 horest

77 2837 212 2922 Thyrrei
233 2837 366 2920 fuimus,
393 2836 597 2902 Xenomenes
624 2837 742 2920 hospes
764 2840 833 2900 tam
859 2840 892 2902 te
915 2837 1029 2922 diligit,

78 2947 174 3010 quam
192 2926 219 2990 si
237 2925 351 2990 vixerit
368 2929 488 3008 tecum,
511 2926 538 2989 is
558 2925 667 2990 omnia
684 2924 846 3009 pollicitus
866 2928 925 3010 est,
947 2948 1029 3010 quae

76 3013 136 3078 tibi
159 3015 266 3078 essent
288 3035 382 3098 opus3
403 3013 565 3079 facturum
587 3017 676 3098 puto.
718 3011 801 3077 Mihi
822 3013 980 3098 placebat,
1002 3015 1029 3079 si

147 3204 198 3275 Ep.
218 3210 244 3273 4,
258 3211 294 3259 3ae
319 3206 389 3261 dom
407 3205 470 3275 for,
487 3205 548 3260 urb.
562 3221 652 3275 pron,
669 3206 701 3259 in
718 3220 748 3259 re
761 3206 877 3274 potesta
894 3206 927 3258 in
939 3222 981 3273 p„
997 3206 1031 3262 ia

77 3275 175 3331 eadee
192 3276 225 3330 in
243 3276 260 3328 l.
280 3275 355 3343 (W.).
391 3276 428 3340 d,
445 3277 476 3343 f,
494 3293 532 3341 u,
545 3293 586 3344 p,
604 3278 636 3330 in
653 3291 682 3330 re
695 3277 785 3344 Νη
798 3292 840 3344 p„
857 3277 889 3329 in
901 3280 944 3340 st,
961 3277 993 3329 in
1011 3277 1028 3329 l.

77 3345 168 3416 vulgo.
188 3375 222 3386 -·
246 3345 346 3414 dedidit
388 3345 461 3417 [Et]
479 3362 563 3414 quem
581 3347 656 3414 (Ἦ).
696 3347 741 3400 An
759 3347 785 3400 d.
805 3351 842 3412 et,
860 3363 884 3414 q.
903 3345 1029 3416 (vulgo)?

78 3417 104 3471 d.
132 3415 295 3470 EtoumB.
331 3422 358 3471 4.
376 3417 648 3485 amethwamffl
685 3421 807 3485 a.;etq.
825 3416 920 3486 vulgo.
953 3421 1030 3471 aut
1108 3461 1110 3469 Α

78 3502 138 3541 eme
154 3487 191 3541 M.
227 3485 279 3556 Ep.
294 3492 318 3555 ὅ,
335 3493 358 3541 1.
389 3486 506 3556 dimersi
524 3487 599 3553 (W.).
634 3487 731 3541 thirrea'
743 3486 781 3540 M.
819 3485 921 3558 Thyrsi
934 3486 1027 3557 vulgo.

78 3587 114 3598 —
130 3561 229 3624 tecum
247 3559 272 3612 is
290 3557 365 3625 (W.).
401 3561 420 3611 t.
449 3557 483 3611 Ie
500 3556 594 3627 vulgo.
