2578 3978
243 233 266 290 4
468 269 471 275 .
532 228 568 282 Μ.
584 227 707 282 TULLII
725 225 916 282 CICERONIS

243 375 319 436 ante
330 391 364 434 se
378 372 524 454 oportere
538 369 763 436 discessionem
777 369 880 436 facere
894 391 990 454 qnam
999 371 1200 436 consulares:
1285 393 1286 442 i

243 460 311 524 eius
339 458 479 524 orationi
505 457 712 522 vehementer
742 457 783 521 ab
812 457 961 522 omnibus
989 457 1200 524 reclamatum
1285 483 1286 534 ς

242 551 305 631 est,
332 549 402 612 erat
429 547 571 612 enimet
597 545 709 629 iniqua
736 549 768 609 et
794 567 892 628 nova,
919 546 1067 611 consules
1093 567 1200 631 neque
1285 605 1286 632 ,

243 635 463 702 concedebant
491 655 595 718 neque
622 633 714 698 valde
742 634 980 718 repugnabant,
1012 634 1096 698 diem
1123 655 1200 700 con·
1285 633 1286 644 ’

243 725 326 789 sumi
340 723 493 789 volebant
502 759 544 770 -
553 722 587 786 id
601 722 687 806 quod
700 721 885 786 estfactum
896 757 947 805 -,
960 723 1202 806 perspiciebant
1285 715 1286 728 ¹

243 813 329 877 anim
351 813 386 876 in
408 810 576 875 Hortensii
590 810 784 874 sententiam
797 810 907 874 multis
929 811 1075 894 partibus
1089 811 1201 895 plnres
1285 837 1286 886 I

241 901 360 984 ituros,
397 920 591 983 quamquam
623 901 732 982 aperte
769 897 919 963 Volcatio
952 899 1201 984 assentirentur,
1285 969 1286 982 ,

241 988 336 1052 multi
363 987 576 1073 rogabantur,
602 989 698 1071 atque
725 986 758 1050 id
785 987 891 1070 ipsum
919 987 1103 1052 consulibus
1130 1009 1202 1053 non
1285 1061 1286 1064 Ἴ

240 1076 365 1160 invitis,
388 1097 464 1140 nam
487 1077 516 1140 ei
538 1074 648 1140 Bibuli
671 1075 865 1140 sententiam
892 1075 998 1140 valere
1022 1075 1201 1160 cupierant.

207 1163 314 1230 sHac
340 1165 560 1231 controversia
586 1185 687 1248 usqne
717 1163 758 1228 ad
785 1165 913 1229 noctem
942 1163 1038 1228 ducta
1067 1167 1200 1228 senatus

242 1253 391 1318 dimissus
424 1256 481 1317 est.
530 1251 603 1337 Ego
631 1274 669 1318 ec
701 1252 751 1316 die
784 1273 859 1317 casn
891 1251 977 1334 apud
1008 1250 1198 1336 Pompeium

242 1342 375 1408 coenavi
388 1345 566 1424 nactusque
579 1343 707 1424 tempus
724 1339 787 1403 hoc
807 1339 911 1423 magis
929 1338 1081 1402 idoneum
1100 1361 1200 1423 quam

241 1451 395 1514 umquam
418 1432 526 1514 antea,
558 1428 644 1512 quod
666 1429 741 1511 post
762 1430 855 1491 tuum
877 1426 1052 1490 discessum
1078 1427 1106 1492 is
1129 1427 1199 1492 dies
1285 1467 1286 1484 κ

240 1517 487 1583 honestissimus
510 1516 605 1584 nobis
627 1516 734 1580 fuerat
754 1515 790 1578 in
812 1516 938 1598 senatu,
960 1514 1007 1580 ita
1030 1535 1101 1582 sum
1123 1537 1197 1581 cum

240 1607 297 1670 illo
324 1606 465 1690 locutus,
493 1608 531 1671 ut
559 1604 639 1668 mihi
665 1604 789 1668 viderer
816 1603 959 1666 animum
985 1602 1126 1668 hominis
1155 1605 1198 1668 ab
1285 1619 1286 1636 ¹

242 1695 331 1759 omni
354 1694 417 1759 alia
440 1692 637 1778 cogitatione
660 1691 701 1755 ad
724 1695 814 1755 tuam
828 1690 1020 1775 dignitatem
1042 1692 1198 1756 tuendam

240 1783 420 1848 traducere:
453 1803 547 1866 quem
577 1800 637 1864 ego
664 1781 771 1862 ipsum
798 1801 896 1866 quum
924 1778 1032 1864 audio,
1064 1801 1197 1864 prorsus

241 1893 314 1936 eum
327 1871 428 1935 libero
443 1869 532 1935 omni
550 1867 731 1950 suspicione
746 1867 944 1950 cupiditatis,
967 1890 1064 1952 quum
1087 1871 1198 1934 antem

241 1959 309 2022 eius
331 1958 505 2021 familiares
529 1956 672 2021 omnium
687 1955 835 2020 ordinum
849 1954 952 2038 video,
972 1957 1140 2041 perspicio,
1162 1957 1196 2022 id

241 2046 413 2130 quodiam
437 2043 586 2110 omnibus
613 2047 663 2108 est
685 2047 845 2128 apertum,
872 2045 976 2110 totam
1002 2065 1070 2108 rem
1099 2045 1196 2110 istam

240 2135 305 2198 iam
323 2133 447 2218 pridem
465 2155 485 2197 a
503 2133 598 2198 certis
615 2132 801 2198 hominibus
824 2153 891 2196 non
908 2132 1011 2197 invito
1029 2154 1105 2218 rege
1123 2133 1195 2217 ipso

206 2221 493 2304 4consiliariisque
526 2221 594 2286 eins
626 2241 695 2285 esse
723 2224 915 2304 corruptam.
960 2219 1049 2285 Haec
1082 2221 1196 2306 scripsi

241 2332 268 2374 a.
283 2309 312 2372 d.
327 2308 414 2373 XVI.
428 2309 501 2372 Kal,
514 2307 706 2372 Februarias
730 2311 805 2372 ante
828 2309 944 2372 lucem:
968 2327 1006 2373 eo
1030 2309 1081 2374 die
1104 2331 1195 2374 sena·

239 2402 293 2462 tns
321 2401 391 2462 erat
416 2396 555 2461 futurus.
603 2394 673 2460 Nos
700 2397 736 2460 in
767 2399 894 2480 senatu,
926 2397 1195 2480 quemadmodum

240 2507 343 2570 spem,
366 2485 557 2570 dignitatem
570 2486 725 2569 nostram,
746 2488 784 2549 nt
799 2488 908 2568 potest
929 2485 1071 2550 intanta
1091 2485 1195 2551 homi·

239 2596 318 2639 num
340 2573 474 2658 perfidia
488 2577 521 2637 et
533 2573 713 2656 iniquitate,
735 2572 956 2656 retinebimns3
980 2573 1065 2657 quod
1084 2573 1124 2638 ad
1137 2596 1195 2658 po·
1285 2571 1286 2574 ’

238 2663 384 2754 putarem
406 2662 565 2727 rationem
589 2661 718 2746 attinet,
740 2661 802 2727 hoc
825 2661 970 2726 videmur
992 2683 1061 2726 esse
1084 2683 1195 2727 conse-

240 2751 315 2835 cuti,
337 2753 374 2814 ut
396 2771 437 2814 ne
460 2749 537 2834 quid
561 2750 614 2835 agi
637 2771 710 2814 curn
723 2751 843 2835 populo
858 2753 915 2814 aut
928 2750 1024 2814 salvis
1044 2751 1195 2834 auspiciis
1285 2805 1286 2834 ,

240 2842 297 2903 aut
324 2838 420 2904 salvis
448 2837 574 2923 legibus
597 2841 654 2902 aut
677 2838 813 2922 deniqne
836 2839 905 2903 sine
927 2837 960 2902 vi
982 2842 1099 2922 posset.
1144 2838 1195 2905 De

238 2926 290 2991 his
313 2927 408 2990 rebus
431 2927 542 3011 pridie,
565 2948 661 3010 quam
684 2926 765 2991 haec
787 2927 909 3011 scripsi,
931 2930 1063 2992 senatus
1086 2931 1195 2993 aucto·
1285 2991 1286 3002 ,

239 3016 319 3079 ritas
342 3015 532 3100 gravissima
553 3014 746 3099 intercessit,
774 3014 825 3078 cni
850 3036 949 3098 quum
972 3011 1052 3080 Cato
1081 3019 1113 3079 et
1135 3013 1194 3080 Oa·

239 3101 348 3168 ninius
371 3103 636 3187 intercessissent,
657 3105 767 3167 tamen
786 3106 835 3167 est
853 3103 1042 3187 perscripta3
1066 3124 1137 3167 eam
1153 3105 1195 3170 ad
1285 3127 1286 3134 ¹

239 3196 272 3256 te
294 3191 427 3256 missam
448 3213 518 3258 esse
541 3192 691 3256 arbitror:
715 3191 754 3256 de
777 3191 890 3256 ceteris
913 3192 1017 3273 rebus,
1040 3191 1195 3276 quidquid
1285 3191 1286 3198 '

309 3393 360 3464 Ep.
379 3401 404 3465 2,
424 3401 449 3450 2.
477 3399 632 3453 consulares
650 3399 783 3468 (Kransc).
811 3399 931 3454 consutas
949 3399 995 3466 M,
1014 3399 1107 3470 vulgo.
1131 3416 1193 3456 coa·

238 3463 344 3518 entibus
362 3481 418 3520 aon
436 3469 532 3522 inscitie
550 3469 625 3536 (W.).
658 3485 727 3524 cons.
747 3471 802 3524 iac.
822 3469 859 3537 M,
879 3485 973 3524 omnes
992 3471 1054 3524 edd.
1075 3501 1107 3510 -
1126 3488 1193 3526 nom

238 3533 263 3588 a·
280 3533 352 3603 (edd.
370 3538 469 3606 vetti?
489 3567 521 3578 -
541 3539 683 3594 estimant
702 3540 775 3608 (Ν).
808 3540 952 3596 cubicrunt
969 3540 1033 3594 ΜΒ.
