2578 3978
248 203 293 268 24
533 203 570 257 M.
590 203 713 258 aunan
731 202 921 259 CICERONIS
1000 280 1007 293 ι

248 347 365 412 litteris
388 368 458 412 esse
479 348 567 432 passi
590 350 681 411 sunt:
708 347 763 430 qui
785 368 839 410 me
858 346 1009 412 homines
1034 346 1121 430 quod
1142 349 1211 411 sal·
1277 345 1278 416 l

248 458 326 501 vum
348 457 417 500 esse
439 437 620 518 voluerunt,
643 439 692 499 est
709 435 790 498 mihi
807 435 1040 520 gratissimam
1062 434 1117 499 sed
1140 437 1211 500 uel-

248 525 313 589 lem
331 545 399 590 non
417 525 520 588 solum
539 523 652 588 salutis
670 542 770 608 meae,
792 523 1060 606 quamadmodum
1079 523 1212 607 medici,

250 612 319 696 sed,
346 616 384 676 ut
413 612 545 695 aliptae,
576 612 675 676 etiam
701 611 818 676 virium
843 615 877 675 et
903 611 1020 677 eoloris
1045 611 1211 676 rationem
1277 613 1278 680 ἒ

248 701 368 766 habere
390 701 583 765 voluissent:
612 721 714 783 nune,
734 701 774 764 ut
795 698 925 782 Apelles
948 699 1085 764 Veneris
1107 703 1212 784 eaput
1277 715 1278 768 l

250 793 283 854 et
296 811 421 853 summa
434 789 573 872 peotonis
590 788 783 872 politissima
800 792 869 852 arte
887 787 1030 872 perfecit,
1047 788 1211 871 reliquam

249 881 374 961 pantenu
397 877 541 960 eorporis
562 875 748 940 inchoatam
769 876 908 960 reliquit,
931 875 1125 959 sicquidem
1146 875 1210 940 ho-
1277 871 1278 952 l

249 965 353 1029 mines
381 965 417 1028 in
444 965 549 1048 eapite
575 985 649 1029 meo
667 965 776 1030 solum
799 964 1019 1048 elaborarunt,
1045 963 1212 1047 reliquum

198 1066 231 1114 16
250 1075 368 1137 eorpus
385 1053 608 1138 imperfectum
626 1074 663 1117 ao
681 1052 760 1116 rude
778 1053 989 1136 reliquerunt3
1010 1052 1047 1116 in
1065 1073 1130 1136 quo
1142 1072 1211 1136 ego
1277 1057 1278 1118 l

250 1163 340 1226 spem
362 1142 463 1206 fefelli
485 1163 557 1207 non
575 1141 672 1206 modo
688 1141 881 1224 invidorum,
904 1141 959 1204 sed
980 1142 1077 1205 etiam
1099 1140 1210 1204 inimi-

250 1251 361 1295 corum
383 1251 540 1313 meorum,
568 1230 623 1312 qui
645 1229 684 1293 de
707 1250 772 1294 uno
796 1229 950 1293 aoersimo
973 1231 1006 1292 et
1027 1227 1211 1292 fortissimo
1277 1233 1278 1302 l

249 1319 318 1382 viro
342 1339 476 1400 meoque
498 1317 618 1382 iudioio
636 1317 780 1382 omnium
802 1315 1025 1401 magnitudine
1048 1315 1148 1380 animi
1162 1319 1211 1380 vet

250 1405 433 1470 eonstanlia
455 1404 746 1489 praestantissimo,
773 1403 810 1480 Q.
831 1404 963 1470 Metello
986 1403 1022 1468 L.
1044 1403 1081 1485 t,
1103 1423 1211 1487 quon·
1277 1447 1278 1484 ἕ

250 1494 325 1558 dam
345 1494 462 1558 falsam
485 1492 670 1576 opinionem
693 1497 891 1576 aeceperunt,
914 1513 1010 1576 quem
1026 1495 1102 1575 post
1123 1492 1210 1555 nedi-
1277 1485 1278 1536 l

248 1585 319 1646 um
337 1582 488 1645 uaesana
504 1581 610 1646 fraso
632 1581 740 1646 animo
759 1585 791 1644 a
809 1581 947 1646 demisso
964 1581 1079 1662 aissa
1095 1613 1138 1626 -
1154 1584 1210 1644 aa

249 1691 325 1734 vero
348 1669 564 1753 probandum,
591 1669 646 1753 qui
673 1672 706 1732 et
728 1690 853 1733 summa
878 1667 1046 1733 volimtate
1075 1669 1210 1733 cesserit

250 1761 284 1822 et
305 1758 437 1842 egregia
467 1757 567 1821 animi
594 1756 900 1821 alacritateafuerit
925 1776 1029 1840 neque
1056 1777 1142 1820 saue.
1156 1777 1211 1820 re·

251 1846 318 1910 dire
344 1846 479 1929 curarit,
506 1867 579 1909 eum
606 1843 648 1910 ob
676 1845 711 1909 id
737 1845 844 1929 ipsum
870 1843 1010 1908 hactum
1030 1843 1144 1926 fuisse,
1171 1845 1208 1908 in
1277 1893 1278 1938 ἦ

252 1955 315 2018 quo
328 1955 437 2017 -quum
460 1954 572 1998 omnes
594 1933 752 2015 homines,
772 1936 843 1996 tum
865 1931 909 1996 M.
930 1933 1023 1996 illum
1041 1929 1211 2014 Scaurum,
1277 1939 1278 1998 l

251 2021 448 2108 singularem
460 2021 574 2105 virum,
595 2021 779 2086 constantia
792 2024 825 2085 et
838 2021 997 2105 gravitate
1011 2021 1208 2104 superasset!

250 2111 395 2264 alell
410 2111 643 2264 llladlalll
662 2108 1210 2262 {⁰0⁰⁰t3tllttitllttlt

250 2307 302 2350 me
324 2249 478 2369 futurum,
500 2307 600 2368 quum
616 2305 669 2348 ies
686 2218 818 2369 pttliea
833 2247 989 2350 maiorem
1006 2284 1105 2348 etiam
1126 2285 1209 2348 mihi
1277 2269 1278 2358 l

251 2374 407 2457 animum,
440 2395 537 2456 quam
562 2393 716 2456 umquam
744 2373 941 2457 habuissem,
971 2372 1076 2456 daret,
1108 2394 1209 2456 quum

250 2463 444 2526 declarasset
474 2482 508 2525 se
539 2481 608 2525 non
643 2460 787 2545 potuisse
823 2482 876 2525 me
908 2482 973 2526 uno
1006 2461 1068 2524 ciui
1099 2481 1210 2524 eauere

251 2571 412 2634 quumque
440 2541 608 2614 Metellum
634 2550 730 2613 unius
760 2549 883 2615 tiibuni
913 2550 957 2633 pl.
983 2549 1124 2634 rogatio,
1155 2569 1209 2612 me
1277 2571 1278 2622 l

250 2639 400 2702 uniuersa
422 2657 473 2701 res
496 2637 626 2721 publiea
653 2637 732 2702 duee
760 2641 875 2702 senatu
901 2636 1076 2702 ooau'tante
1101 2634 1211 2719 Italia,

251 2726 409 2792 referente
434 2727 564 2790 consule
586 2725 867 2812 promulgantibus
892 2728 966 2791 octo
984 2724 1133 2809 tubunis,
1156 2745 1210 2788 eo·
1277 2729 1278 2804 l

251 2814 350 2878 mitiis
374 2815 562 2879 centuriatis
585 2815 709 2878 eunetis
736 2813 905 2878 ordinibus
925 2812 1137 2891 †hominibus
1159 2813 1210 2876 iu·
1277 2811 1278 2894 l

136 2974 139 2979 ,
251 2903 490 2989 eumbentibus,
527 2902 676 2968 omnibus
708 2901 845 2984 denique
880 2901 947 2966 suis
977 2901 1099 2966 viribus
1121 2900 1207 2979 seui·
1277 2901 1278 2986 l

321 3111 373 3182 Ep.
393 3119 475 3177 9,16.
512 3115 683 3180 aeceperunt,
708 3123 785 3178 quem
803 3107 899 3176 (lira).
936 3111 1109 3177 acceperuut,
1132 3123 1211 3176 quem

251 3183 317 3237 ΜΒ.
337 3213 372 3222 —-
389 3183 557 3250 suasae-est
569 3197 631 3236 uero
645 3181 830 3249 probandum,
848 3181 898 3248 qui
976 3181 1145 3247 superasset?
1160 3207 1210 3240 -‚

250 3255 298 3308 aad
316 3254 383 3320 (W).
423 3253 463 3320 f.;
486 3253 534 3322 [est
555 3269 580 3306 u.
599 3252 650 3320 p.,]
673 3251 722 3320 uui
741 3290 764 3303 ..
783 3254 860 3318 suo!
882 3252 929 3306 sed
952 3249 1011 3316 Oa,
1030 3250 1062 3305 B.
1085 3277 1120 3288 -
1141 3249 1208 3314 sefe-

251 3329 326 3378 reate
347 3325 455 3378 causale
478 3337 566 3390 prom.
594 3337 619 3375 ο.
646 3322 769 3403 tubunis
795 3319 937 3390 (Sohiita).
983 3337 1028 3388 pr.
1048 3336 1071 3374 ο.
1090 3325 1119 3384 t,
1143 3335 1167 3372 r.
1186 3333 1209 3370 e.

250 3394 318 3448 ΜΒ.
338 3424 371 3432 -
390 3391 534 3447 ordinibus
550 3393 728 3457 fluminibus
750 3407 804 3445 aue.
829 3391 895 3460 (W).
936 3391 995 3445 ord.
1014 3391 1068 3444 iac.
1087 3388 1210 3457 (Graev.)

252 3467 303 3518 aut
329 3463 387 3518 ord.
416 3463 551 3517 aetatibus
577 3463 732 3516 hominibus
759 3461 817 3532 (W)
846 3465 896 3516 aut
922 3461 980 3516 ord.
1006 3459 1211 3527 aomimauqae

251 3535 307 3588 iac.
328 3533 389 3602 Μ·
