2578 3978
333 197 596 254 EPISTOLARUM
613 201 648 254 ΙΙ.
669 206 780 254 10-12,
994 199 1037 264 47

17 353 18 376 l
87 362 217 426 oensem,
246 341 337 428 quod
365 342 498 408 mirifice
525 365 598 408 sum
625 343 795 423 sollicitus,
817 345 971 428 quidnam
999 344 1038 410 de

17 433 18 438 ’
86 430 247 513 provinciis
271 431 480 496 decernatur:
507 433 625 496 mirum
652 453 703 496 me
731 431 923 498 desiderium
948 437 1039 498 tenet

17 525 18 528 ’
86 519 172 603 urbis,
183 519 379 586 incredibile
393 541 539 585 meorum
553 523 649 604 atque
663 521 699 585 in
711 521 824 606 primis
839 521 896 605 tui,
906 523 1038 588 satietas

85 610 181 672 autem
212 607 418 692 provinciae,
449 609 501 674 vel
533 609 609 694 quia
637 608 783 674 videmur
814 631 886 673 eam
916 610 1039 674 famam
1089 675 1093 684 ,

85 697 256 780 consecuti,
287 700 326 762 ut
356 718 425 762 non
456 701 524 762 tam
556 698 696 763 accessio
729 697 912 782 quaerendo
941 721 1039 782 quem

84 783 205 850 fortuna
225 784 403 850 metuenda
421 785 473 870 sit,
495 786 547 852 vel
568 787 645 871 quia
661 789 768 852 totum
785 787 954 872 negotium
971 809 1039 853 non

84 878 126 937 111
145 873 287 960 dignum
308 873 432 940 vinbns
454 874 585 960 nostris,
608 875 664 958 qui
686 875 811 941 maiora
830 897 929 942 onera
951 875 1038 962 inre

84 963 203 1045 publica
223 961 386 1028 sustinere
404 966 438 1028 et
453 963 577 1048 possim
595 967 628 1028 et
646 964 775 1048 soleam,
799 965 849 1030 vel
868 965 943 1049 quia
961 965 1039 1030 belli

83 1053 184 1136 magni
206 1051 311 1116 timor
336 1051 515 1136 impendet,
544 1053 630 1136 quod
657 1052 803 1118 ridemur
830 1053 983 1138 effugere,
1011 1053 1039 1118 si

83 1140 118 1204 ad
138 1139 356 1206 constitutam
378 1140 462 1206 diem
485 1141 683 1206 decedemus.
718 1139 768 1206 De
786 1141 963 1226 pantheris,
980 1151 1073 1224 pera

84 1249 142 1313 eos,
172 1229 234 1314 qui
261 1228 375 1294 venari
401 1230 521 1314 solent,
553 1231 660 1315 agitur
687 1229 843 1294 mandatu
869 1251 942 1295 meo
969 1229 1039 1296 dili·

84 1316 404 1401 gente13‘sedmira
434 1319 580 1403 paucitas
608 1321 658 1383 est
685 1321 718 1383 et
744 1339 812 1403 eas,
844 1339 926 1402 quae
954 1322 1039 1403 sunt,

84 1407 166 1472 valde
197 1406 294 1473 aiunt
319 1407 424 1492 queri,
450 1407 538 1491 quod
564 1407 647 1472 nihil
673 1407 824 1492 cuiqnam
849 1407 1039 1473 insidiarum

84 1495 207 1560 inmea
230 1495 399 1579 provincia
420 1495 485 1561 nisi
510 1496 572 1561 sibi
598 1496 670 1579 fiat,
695 1496 805 1580 itaque
832 1497 1039 1562 constituisse

85 1583 231 1650 dicuntur
256 1584 293 1648 in
320 1581 449 1650 Cariam
481 1606 520 1651 ex
546 1587 660 1650 nostra
685 1584 852 1668 provincia
879 1584 1039 1649 decedere.

85 1669 141 1736 Sed
162 1677 277 1738 temen
300 1673 411 1738 sedulo
433 1673 481 1758 fit,
504 1677 537 1738 et
558 1673 594 1738 in
611 1673 724 1756 primis
743 1696 764 1738 a
782 1671 925 1738 Patisco:
949 1673 1038 1758 quid·

85 1761 155 1843 quid
178 1761 250 1846 erit,
272 1759 334 1826 tibi
356 1761 427 1846 erit,
449 1761 515 1847 sed,
538 1761 616 1846 quid
638 1765 736 1847 esset,
757 1762 854 1846 plane
876 1761 1038 1826 nescieba-

85 1870 159 1914 mus
208 1847 294 1914 Mihi
319 1850 501 1916 mehercule
527 1871 666 1936 magnae
694 1872 789 1915 curae
816 1853 866 1916 est
893 1849 1039 1916 aedilitas

85 1940 148 2003 tua:
179 1939 251 2023 ipse
284 1938 352 2004 dies
379 1961 431 2004 me
458 1939 667 2024 admonebat,
699 1939 812 2024 scripsi
828 1940 928 2014 ,enim
958 1939 1039 2004 11111

87 2025 158 2110 ipsis
179 2026 433 2112 Megalensibus.
478 2027 528 2092 uu
550 2028 648 2094 velim
674 2029 715 2093 ad
739 2049 790 2092 me
817 2027 857 2091 de
880 2027 969 2092 omni
991 2027 1039 2092 rei

87 2116 227 2197 publicae
254 2119 344 2182 statu
371 2138 468 2200 quam
499 2116 744 2202 diligentissime
776 2115 969 2200 perscribas,
1001 2137 1040 2179 ea

89 2205 167 2270 enim
189 2204 371 2270 certissime
392 2205 525 2291 putabo,
547 2227 630 2290 quae
652 2228 692 2271 ex
714 2209 747 2270 te
772 2224 924 2290 cognoro.

519 2416 594 2482 ΧΠ.

90 2544 140 2600 Sor.
154 2545 184 2602 in
198 2547 298 2603 Cilicia
311 2563 407 2602 mense
420 2545 500 2602 Iunio
517 2548 601 2616 (inter
614 2547 686 2602 Non.
702 2550 731 2602 et
739 2545 772 2600 V.
783 2545 857 2615 Kal.)
872 2562 896 2600 1.
907 2564 934 2600 u.
945 2563 967 2601 c.
980 2551 1039 2601 ⁷04.
1134 2536 1136 2540 ¹

160 2689 197 2743 M.
215 2687 346 2745 CICERO
360 2687 434 2742 IMP.
449 2688 479 2743 S.
490 2687 524 2743 D.
538 2688 575 2743 M.
591 2686 721 2743 CAELIO
736 2687 861 2742 AEDILI
875 2686 954 2742 CUR.

148 2805 313 2873 Sollicitus
341 2806 489 2890 equidem
516 2827 604 2870 eram
632 2804 790 2869 derebus
817 2805 962 2872 urbanis:
993 2806 1074 2871 ita1

89 2896 299 2963 tumultuosae
332 2896 518 2978 conciones,
553 2895 600 2958 ita
635 2894 789 2958 molestae
820 2893 1040 2979 Quinquatrus

90 2983 299 3050 efferebantur
321 3021 364 3033 -
386 3006 464 3049 nam
488 2983 637 3048 citeriora
663 2982 809 3048 nondum
832 2983 1040 3049 audiebamus

91 3097 140 3154 -ς
161 3073 217 3138 sed
238 3077 350 3138 tamen
372 3073 455 3138 nihil
477 3081 529 3136 me
551 3070 656 3156 magis
675 3071 870 3136 sollicitabat
890 3094 988 3156 quem
1005 3072 1041 3135 in

90 3158 125 3225 iis
144 3160 299 3228 molestiis
322 3182 391 3226 non
412 3181 473 3246 me,
495 3159 524 3225 si
546 3180 628 3244 quae
646 3158 780 3224 ridenda
799 3163 915 3244 essent,
937 3159 1040 3223 ridere

152 3405 202 3477 Ep.
223 3413 300 3475 11,1.
332 3406 438 3476 1111111
456 3405 598 3460 ebroicam
616 3404 682 3473 (Μ.).
719 3403 858 3473 possmus
871 3405 896 3454 11
908 3401 1041 3455 soleamus

91 3473 119 3528 B.
136 3493 169 3531 ex
187 3478 274 3533 altero
292 3478 329 3533 M.
349 3477 478 3548 exemplo
497 3477 644 3544 (possemus
662 3479 687 3528 et
704 3476 836 3540 solemus).
882 3469 934 3542 Ep.
955 3477 996 3539 12,
1016 3477 1040 3524 1.

92 3545 246 3604 1111111111.
267 3549 322 3617 (W.
341 3564 376 3604 ex
395 3548 444 3602 111.
463 3547 501 3601 Μ.
520 3549 583 3617 en).
620 3547 653 3599 io
670 3545 714 3600 111
731 3560 765 3598 m.
784 3541 849 3595 ΜΒ.
