2676 3984
430 247 688 306 EPISTOLARUM
705 250 739 305 x.
760 256 801 306 rr.
822 257 862 306 12.
1061 253 1126 319 309

167 398 219 459 est
245 415 335 480 cura,
366 397 404 460 ut
430 395 476 459 rei
507 394 654 479 publicae
683 417 735 460 me
767 397 869 462 civem
896 396 1031 483 dignum
1062 402 1125 464 turs

166 482 317 549 laudibus
340 487 511 568 praestem,
532 483 568 548 in
590 484 731 550 amicitia
753 488 811 551 tua
832 505 1007 553 memorem
1029 489 1126 572 atque

166 575 307 658 gratim.
352 569 445 648 Quod
467 573 625 657 reliquum
648 577 706 660 est,
727 577 820 639 tuum
842 595 958 640 munus
980 578 1071 641 tuere
1093 581 1127 642 et

166 683 232 745 me,
264 661 307 747 si,
338 682 434 747 quem
464 682 534 726 esse
565 662 708 747 voluisti,
744 684 817 728 eum
849 662 936 728 exitu
967 663 1125 749 rebusque

167 749 352 835 cognoscis,
383 750 518 816 defende
550 771 588 816 ao
619 753 752 836 suscipe.
797 751 903 829 Quum
930 751 1160 819 Rhodanumo

167 839 278 923 copias
309 838 507 904 traiecissem
533 838 729 926 fratremque
761 862 834 906 cum
864 841 968 906 tribus
995 843 1124 908 milibus

166 927 312 1012 equitum
333 929 582 1013 praemisissem,
608 929 677 1015 ipse
704 930 766 994 iter
795 930 836 994 ad
863 928 1024 996 Mutinam
1050 931 1124 996 diri-

167 1036 287 1104 gerem,
309 1017 345 1081 in
366 1017 481 1085 itinere
504 1017 543 1082 de
565 1018 688 1103 proelio
710 1018 799 1084 iacto
816 1017 981 1104 Brutoque
1005 1023 1038 1083 ct
1055 1018 1125 1085 Mu·

166 1105 239 1171 tina
262 1106 429 1173 obsidione
450 1106 596 1171 liberatis
618 1106 743 1172 audivi:
766 1106 978 1172 animadverti
1000 1109 1125 1174 nullum

167 1195 269 1260 alium
290 1200 454 1282 receptum
482 1195 662 1261 Antonium
688 1195 917 1281 reliquiasque,
943 1216 1024 1281 quae
1051 1217 1125 1261 cum

166 1305 207 1350 eo
239 1288 360 1371 essent,
389 1285 509 1350 habere
535 1285 600 1350 nisi
625 1284 662 1350 iu
687 1285 748 1350 has
774 1288 896 1369 partes,
927 1284 1068 1370 duasque
1096 1285 1126 1350 ei

167 1393 242 1457 spes
270 1395 339 1440 csse
366 1375 563 1459 propositas,
588 1394 688 1439 unam
709 1372 823 1458 Lepidi
848 1373 963 1459 ipsius,
991 1375 1125 1438 alteram

168 1463 336 1528 exercitus.
371 1461 464 1540 Quod
487 1463 644 1548 quosdam
661 1484 737 1549 pars
755 1462 912 1529 exercitus
931 1484 1001 1529 non
1017 1462 1125 1528 minus

166 1551 291 1616 furiosa
313 1554 364 1617 cst
390 1573 486 1636 quam
513 1552 568 1637 qui
595 1573 668 1617 cum
694 1552 839 1618 Antonio
867 1552 1012 1636 fuerunt,
1038 1552 1125 1637 equi-

167 1642 275 1705 tatum
305 1642 466 1724 revocavi3
497 1639 566 1725 ipse
595 1641 632 1705 in
657 1639 887 1728 Allobrogibus
913 1640 1058 1726 constiti,
1089 1643 1126 1705 ut

166 1728 304 1812 proinde
336 1729 377 1794 ed
409 1729 518 1794 omnia
549 1733 681 1815 paratus
712 1751 815 1796 essem
842 1751 880 1795 ac
906 1751 957 1795 res
970 1751 1035 1795 ·me
1058 1750 1124 1795 mo·

166 1820 269 1884 neret.
315 1814 349 1882 Si
375 1817 482 1883 nudus
508 1816 573 1883 huo
599 1839 633 1884 se
657 1818 820 1884 Antonius
848 1818 1005 1903 conferet,
1031 1817 1125 1883 facile

166 1904 250 1969 mihi
270 1905 381 1972 videor
403 1928 461 1992 per
483 1927 534 1971 me
558 1907 715 1973 sustinere
742 1927 837 1992 posse
864 1927 995 1991 remque
1021 1905 1125 1991 publi-

168 2013 241 2058 cem
266 2015 307 2059 ex
333 1998 442 2060 vestra
468 1995 630 2060 sententio
652 1995 888 2079 administrare,
916 1995 1060 2079 quamvis
1084 1995 1125 2060 ab

167 2083 310 2147 exercitu
332 2081 447 2169 Lepidi
468 2083 654 2169 recipiatur,
677 2085 705 2148 si
727 2105 803 2150 vero
822 2083 987 2170 copiarum
1005 2082 1125 2167 aliquid

167 2191 277 2235 secum
305 2167 442 2237 adducet
467 2174 501 2236 et
523 2172 551 2236 si
582 2172 705 2238 decime
732 2171 819 2257 legio
845 2174 1011 2256 veterana,
1043 2191 1125 2255 quae

166 2262 282 2325 nostra
305 2281 403 2346 opero
424 2264 575 2327 revocate
596 2281 669 2326 cum
690 2261 821 2345 reliquis
844 2263 903 2345 est,
925 2257 966 2326 ad
989 2260 1126 2326 eundem

167 2348 311 2414 furorem
337 2349 480 2435 redierit,
511 2353 635 2434 tamen,
665 2371 708 2414 ne
739 2349 816 2434 quid
848 2349 1034 2414 detrim0nti
1059 2349 1126 2434 fiat,

167 2436 300 2502 dabitur
322 2459 420 2523 opera
443 2461 463 2503 a
484 2459 544 2522 mc,
565 2438 661 2524 idque
683 2459 735 2502 me
757 2441 995 2523 praestaturum
1021 2459 1126 2524 spero,

167 2526 247 2590 dum
268 2526 365 2592 istinc
387 2527 498 2611 copiae
519 2527 721 2592 traiiciantn
742 2528 994 2612 coniunctaeque
1016 2527 1125 2592 nobis·

167 2634 242 2679 cum
265 2614 391 2680 facilius
407 2615 550 2699 perditos
571 2615 765 2701 opprimant.
799 2614 873 2681 Hoc
894 2615 955 2682 tibi
972 2616 1125 2702 spondeo,
1143 2627 1161 2677 e

164 2703 215 2766 mi
237 2700 359 2787 Cicero,
379 2725 484 2788 nequo
506 2702 650 2768 animum
671 2724 732 2770 neo
749 2703 952 2790 diligentiam
969 2705 1049 2770 mihi
1072 2705 1124 2770 dc-

166 2791 320 2856 futuram.
365 2788 467 2877 Cupio
491 2791 688 2857 mehercules
710 2792 833 2857 nullom
856 2792 1017 2858 residuam
1039 2793 1125 2859 solli-

167 2879 345 2946 citudinem
367 2901 450 2964 esse3
473 2880 538 2964 sed,
561 2881 588 2945 si
610 2880 717 2964 fuerit,
739 2901 798 2947 neo
816 2881 924 2946 animo
947 2903 1008 2947 neo
1029 2882 1125 2961 bene·
1256 2960 1259 2966 1

167 2968 329 3034 velentiae
355 2989 415 3034 nec
445 2969 621 3054 patientiae
653 2969 840 3055 cuiusquam
869 2989 929 3055 pro
956 2970 1048 3037 vobis
1076 2992 1125 3036 ce·

166 3056 251 3122 dam.
306 3055 359 3123 Do
391 3057 520 3143 quidem
556 3078 616 3144 ego
655 3079 799 3142 operam,
834 3060 872 3123 ut
902 3058 1000 3124 etiam
1031 3057 1125 3144 Lepi·
1157 3089 1163 3097 ·

167 3143 246 3209 dum
268 3145 309 3210 ad
336 3145 432 3212 huius
454 3147 501 3211 rei
525 3147 711 3212 societatem
733 3146 873 3226 incitem,
900 3147 1071 3231 omniaque
1094 3147 1124 3212 ei

166 3232 324 3319 obsequia
345 3234 509 3319 polliceor,
531 3235 559 3299 si
582 3235 677 3301 modo
700 3256 769 3299 rem
786 3235 949 3320 publicam
966 3236 1125 3320 respicere

238 3462 261 3517 ll
284 3469 352 3532 .11,
368 3469 391 3518 1.
428 3463 552 3518 amicilia
569 3467 620 3518 tem
638 3461 694 3532 (m,
712 3462 816 3534 vulgo).
858 3479 884 3518 a.
903 3463 947 3519 lul
963 3449 1072 3533 Kleyr,
1090 3461 1122 3518 Β.

165 3539 191 3587 2.
220 3535 252 3586 in
331 3537 428 3604 portas
445 3534 520 3605 (W.).
560 3535 592 3590 iu
613 3535 656 3590 bis
672 3533 804 3604 partebus
821 3532 872 3604 M,
891 3533 985 3606 vulgo.
1004 3564 1038 3574 -
1061 3549 1122 3589 cors·

162 3603 234 3672 feret
252 3603 324 3672 (edd.
343 3606 431 3676 vett).
468 3605 572 3672 conset
589 3605 654 3659 ΜΒ.
