2578 3978
241 207 263 268 2
529 205 566 260 M.
581 204 705 259 TULLII
724 203 914 260 CICERONIS

242 354 276 416 ct
302 370 394 414 orare
422 354 455 414 et
485 349 550 413 iam
581 349 712 413 liberius
745 369 895 413 accusare
928 352 960 413 ct
987 371 1134 435 monere,
1167 354 1208 415 ut

242 459 395 524 magnam
409 438 576 502 infamiam
590 437 705 522 fugiat,
728 458 796 502 non
810 436 1005 520 desistimus3
1028 437 1084 502 sed
1103 439 1207 522 plane

242 548 302 592 nec
329 526 477 611 precibus
504 525 624 590 nostris
657 546 716 590 nec
744 525 1018 591 admonitionibus
1045 527 1207 610 relinquit

242 616 362 700 locum,
389 637 466 679 nam
489 635 588 698 quum
610 613 647 678 in
669 635 815 678 sermone
844 613 1045 698 quotidiano,
1071 615 1206 678 tamin
1275 612 1276 692 Ῑ

244 706 358 768 senatu
380 704 489 787 palam
512 702 558 766 sic
581 702 648 786 egit
671 722 800 766 oausam
822 705 927 785 tuam,
949 705 986 766 ut
1007 723 1112 786 neque
1138 704 1206 767 elo·
1275 703 1276 708 ’

243 792 376 876 quentia
402 791 523 856 maiore
547 791 716 874 quisquam
737 811 797 853 nec
825 790 983 874 gravitate
1010 811 1069 854 nco
1093 791 1206 855 studio

243 901 303 945 nec
330 879 537 945 contentione
561 899 656 962 agere
683 877 837 962 potuerit,
868 897 940 942 cum
963 899 1089 946 summa
1111 879 1207 942 testi·

243 968 393 1032 ficatione
414 970 545 1032 tuorum
567 966 602 1030 in
625 987 659 1030 se
674 965 853 1031 officiorum
876 968 909 1030 et
926 967 1044 1031 amoris
1067 987 1147 1052 erga
1172 971 1207 1030 tc

245 1057 303 1122 sui.
338 1055 563 1120 Marcellinum
584 1054 646 1119 tibi
668 1075 737 1119 esse
759 1054 878 1118 iratum
897 1054 971 1118 scis:
994 1055 1022 1118 is
1036 1055 1096 1118 hac
1111 1056 1206 1140 regia

244 1166 341 1210 causa
364 1147 496 1228 excepta
519 1143 632 1208 ceteris
646 1143 681 1207 in
694 1142 790 1207 rebus
813 1164 847 1206 se
864 1142 1053 1206 acerrimum
1075 1143 1125 1206 tui
1150 1143 1207 1208 de·
1276 1191 1277 1212 t

243 1233 406 1298 fensorem
427 1232 497 1297 fore
520 1231 669 1297 ostendit.
706 1228 799 1306 Quod
813 1230 877 1314 dat,
900 1231 1085 1314 accipimus:
1115 1232 1207 1315 quod
1276 1235 1277 1238 ’

244 1321 386 1385 instituit
411 1320 530 1385 referre
559 1319 598 1386 de
623 1319 779 1404 religione
807 1323 840 1382 et
867 1339 961 1402 saepe
988 1319 1053 1382 iam
1079 1321 1206 1404 retulit,

211 1409 287 1474 aab
310 1429 348 1475 eo
372 1408 484 1473 deduci
510 1427 578 1472 non
600 1410 717 1491 potest.
762 1405 827 1471 Res
855 1410 930 1471 ante
952 1405 1029 1471 Idus
1060 1411 1133 1472 acta
1157 1409 1207 1472 sic

246 1498 352 1580 est-
366 1518 443 1576 nam
465 1496 544 1560 hacc
567 1494 677 1560 Idibus
701 1516 795 1560 mane
819 1495 932 1579 scripsi
954 1518 1010 1558 -ε
1032 1494 1205 1560 Hortensii

246 1588 278 1650 et
300 1607 372 1650 mea
394 1588 428 1649 et
441 1583 567 1648 Luculli
590 1584 750 1648 sententia
773 1582 857 1647 cedit
879 1582 1029 1668 religioni
1052 1583 1090 1647 de
1113 1605 1204 1648 exer·
1277 1573 1278 1662 J

246 1674 312 1738 citu
335 1710 377 1720 -
399 1673 504 1737 teneri
531 1671 617 1736 enim
643 1693 694 1738 res
723 1672 816 1736 aliter
838 1693 906 1736 non
935 1674 1043 1754 potest
1065 1707 1122 1755 -,
1145 1673 1205 1736 sed
1277 1701 1278 1706 ¹

246 1783 285 1826 ex
306 1763 362 1826 illo
386 1764 516 1826 senatus
539 1760 700 1844 consulto,
727 1759 813 1843 quod
839 1762 872 1823 te
894 1761 1053 1824 referente
1075 1759 1204 1824 factum

247 1853 304 1933 est,
325 1849 386 1914 tibi
409 1849 559 1932 decernit,
582 1850 619 1912 ut
641 1868 750 1933 regem
764 1847 906 1931 reducas,
930 1847 1016 1932 quod
1032 1848 1203 1913 commodo

246 1938 453 2023 reipublicae
467 1937 572 2002 facere
586 1936 700 2020 possis,
722 1939 760 2000 ut
774 1935 947 2000 exercitum
961 1936 1074 2020 religio
1097 1936 1204 2021 tollat,

245 2030 279 2091 te
302 2029 466 2092 auctorem
489 2029 619 2090 senatus
640 2025 786 2089 retineat,
831 2021 965 2088 Crassus
988 2027 1053 2089 tres
1074 2025 1204 2110 legatos
1278 2079 1279 2106 ,

247 2115 397 2199 decernit,
419 2135 480 2180 neo
493 2114 633 2188 excludit
644 2113 842 2198 Pompeium,
863 2115 973 2177 censet
995 2112 1081 2176 enim
1104 2113 1205 2178 etiam
1278 2115 1279 2120 ’

247 2226 286 2268 ex
307 2205 361 2288 iis,
387 2204 443 2287 qui
466 2224 540 2267 cum
561 2203 695 2286 imperio
719 2203 797 2283 sint3
824 2199 959 2264 Bibulus
987 2202 1053 2265 tres
1074 2201 1205 2285 legatos

247 2313 286 2357 ex
307 2293 361 2373 iis,
388 2291 443 2374 qui
464 2290 583 2373 privati
610 2289 684 2352 sint.
727 2287 813 2352 Huic
840 2288 1060 2352 assentiuntur
1086 2288 1205 2373 reliqui

247 2379 431 2445 consulares
450 2380 577 2462 practer
591 2373 769 2460 Servilium,
792 2375 847 2460 qui
870 2376 1001 2442 omnino
1015 2376 1125 2441 reduci
1146 2399 1205 2442 ne·

247 2471 305 2554 gat
318 2469 475 2550 oportere,
498 2468 531 2530 et
543 2463 737 2549 Volcatium,
760 2463 815 2548 qui
828 2463 921 2548 Lupo
935 2464 1094 2529 referente
1107 2463 1204 2530 Pom-

246 2555 319 2641 peio
343 2554 494 2638 decernit,
517 2556 550 2617 et
571 2551 753 2638 Afranium,
775 2552 830 2636 qui
851 2553 1026 2618 assentitur
1038 2551 1206 2638 Volcatio,

246 2670 328 2733 quac
345 2671 395 2712 res
411 2651 507 2732 auget
525 2646 738 2730 suspicionem
751 2644 895 2729 Pompeii
908 2645 1083 2712 voluntatis
1099 2649 1203 2730 [,nam

247 2736 470 2801 advertebatur
504 2732 648 2816 Pompeii
687 2732 860 2797 familiares
902 2735 1051 2799 assentiri
1085 2733 1202 2800 Volca-

246 2824 315 2904 tiol.
351 2822 531 2888 Laboratur
552 2821 767 2904 vehementem
790 2821 943 2885 inclinata
956 2842 1006 2885 res
1022 2824 1082 2885 est:
1105 2819 1201 2888 Libo-

250 2921 301 2987 nis
326 2924 358 2986 et
371 2919 515 3006 Hypsaei
537 2939 605 2983 non
619 2917 756 2983 obscura
778 2913 980 2980 concursatio
995 2918 1028 2978 et
1041 2914 1207 2979 contentio

252 3010 458 3093 omniumque
485 3004 630 3090 Pompeii
657 3003 865 3068 familiarium
896 3001 1038 3066 studium
1068 3001 1103 3064 in
1135 3021 1207 3070 eam

252 3099 438 3184 opinionem
468 3117 536 3160 rem
569 3093 783 3175 adduxerunt,
819 3093 856 3154 ut
886 3087 1059 3174 Pompeius
1091 3109 1207 3172 cupere

252 3187 412 3269 videatur,
434 3183 486 3250 cui
509 3183 564 3268 qui
586 3181 716 3265 nolunt,
738 3179 834 3244 iidem
856 3178 930 3263 tibi,
953 3176 1038 3262 qdod
1061 3197 1133 3241 eum
1157 3199 1207 3243 or-

326 3306 377 3376 Ep.
398 3311 421 3372 1,
441 3309 465 3356 2.
502 3317 581 3357 orare
598 3305 623 3355 at
645 3301 702 3354 iam
720 3297 776 3368 (M,
795 3295 899 3364 vulgo).
936 3308 1026 3359 orare,
1051 3291 1131 3345 ctiam
1148 3289 1207 3346 LB.

255 3383 280 3434 3.
309 3376 419 3446 priuati
441 3374 497 3428 siat
520 3372 614 3442 (Era).
641 3386 689 3438 pr.
712 3372 775 3422 caat
793 3365 857 3419 ΜΒ.
877 3395 910 3404 -
940 3362 1075 3428 Volcatio,
1097 3375 1164 3430 puae
1180 3403 1208 3415 ..

255 3447 407 3531 votaeatatt'a
434 3445 531 3517 [mam
558 3440 747 3498 advertebatur
858 3433 956 3558 Volcp.
993 3431 1062 3515 Lab.
1155 3432 1209 3487 usii

256 3535 337 3589 corp,
356 3517 421 3584 W.).
454 3515 486 3570 V.
502 3556 508 3568 .
524 3554 530 3567 .
546 3554 552 3567 .
570 3529 636 3567 aaa
654 3509 842 3565 advertebatur
855 3505 892 3558 M.
948 3503 1053 3558 olcatro.
1183 3541 1189 3554 .

256 3589 420 3656 voluntatis,
440 3584 706 3642 animadvertebatur
723 3581 753 3634 Β.
