2556 3986
217 163 283 228 510
500 161 537 214 M.
558 159 680 216 TULLII
698 158 889 217 CICERONIS

217 308 334 393 iudicii,
357 310 394 373 ut
411 304 707 390 praestantissimas
725 308 799 370 tuas
817 304 953 370 virtutes
971 326 1041 369 non
1059 305 1194 369 tacitus

218 397 393 465 admirarer
416 430 458 442 -
482 395 554 479 quis
582 394 668 458 enim
699 396 732 457 te
759 393 792 458 id
819 414 887 458 non
916 392 1016 456 facit?
1039 427 1101 477 -,
1130 395 1193 458 sed

79 545 91 560 ,
217 486 252 550 in
275 485 425 550 omnibus
453 482 668 566 orationibus,
699 482 868 547 sententiis
900 481 1043 546 dicendis
1072 483 1191 546 causis

218 573 366 659 agendis,
398 571 547 638 omnibus
580 571 721 655 scriptis,
753 567 882 636 Graecis
914 568 1055 653 Ietinis,
1088 572 1188 635 omni

218 662 356 747 denique
380 660 535 726 varietate
563 660 744 725 litterarum
766 679 910 724 mearum
936 661 969 722 te
990 677 1057 722 noa
1080 660 1187 724 modo

217 751 266 834 iis,
289 772 370 834 quos
393 748 591 831 vidissemus,
614 747 670 811 sed
692 746 742 830 iis,
764 746 802 810 de
826 746 942 830 quibus
965 746 1187 832 audissemus,

165 858 198 907 13
219 839 369 904 omnibus
401 837 601 902 anteferrem.
656 833 795 911 Quaeres
826 835 978 919 fortasse,
1014 835 1094 918 quid
1131 838 1186 920 sit,

218 926 304 1010 quod
327 947 388 1012 ego
411 925 473 992 hoc
495 925 603 990 nescio
627 923 703 1008 quid
731 923 958 1008 gratulationis
985 926 1020 987 et
1040 923 1185 988 honoris

218 1019 376 1094 asenatu
396 1015 481 1078 tanti
503 1013 678 1078 aestimem.
723 1011 830 1096 Agam
856 1011 921 1078 iam
947 1014 1055 1076 tecum
1084 1013 1184 1077 fami-

217 1103 352 1187 liariter,
380 1107 418 1168 ut
445 1107 495 1168 est
517 1103 550 1166 et
576 1100 690 1166 studiis
712 1103 747 1164 et
768 1098 884 1165 officiis
910 1099 1031 1164 nostris
1053 1103 1184 1165 mutuis

217 1193 251 1257 et
273 1213 398 1257 summa
426 1190 567 1256 amicitia
593 1189 728 1274 dignum
755 1191 788 1252 et
813 1188 1049 1253 necessitudine
1078 1191 1183 1254 etiam

218 1283 366 1365 paterna:
395 1280 422 1344 si
445 1279 614 1363 quisquam
635 1277 700 1342 fuit
721 1296 874 1361 umquam
896 1280 1039 1341 remotus
1063 1281 1099 1342 et
1121 1301 1182 1342 na·

217 1373 291 1432 tura
314 1371 347 1432 et
368 1368 472 1452 magis
490 1367 597 1449 etiam,
618 1368 657 1429 ut
673 1365 754 1432 mihi
772 1364 900 1449 quidem
918 1364 1039 1430 sentire
1056 1366 1183 1452 videor,

217 1455 343 1520 ratione
366 1458 462 1538 atque
489 1455 636 1518 doctrina
658 1454 699 1518 ab
726 1453 817 1517 inani
843 1452 937 1518 laude
960 1457 994 1517 et
1020 1457 1182 1520 sermoni-

218 1544 278 1607 bus
301 1543 404 1628 vulgi,
427 1563 487 1628 ego
510 1541 655 1626 profecto
678 1541 706 1604 is
729 1563 809 1606 sum.
854 1541 960 1606 Testis
988 1546 1038 1606 est
1059 1563 1180 1609 consu-

217 1633 305 1695 latus
326 1652 426 1714 meus,
447 1632 483 1694 in
506 1652 579 1714 quo,
602 1629 684 1697 sicut
705 1630 741 1694 in
763 1630 887 1713 reliqua
908 1631 985 1714 vita,
1007 1631 1115 1706 fateor
1138 1655 1180 1698 ea

218 1739 269 1784 me
293 1719 434 1785 studiose
462 1722 619 1802 secutum,
646 1741 686 1783 ex
713 1719 828 1802 quibus
855 1740 931 1784 vera
958 1719 1062 1803 gloria
1084 1723 1180 1786 nasci

217 1812 336 1892 posset,
359 1809 463 1892 ipsam
485 1807 614 1892 quidem
637 1807 774 1892 gloriam
791 1828 848 1890 per
867 1827 900 1871 se
919 1828 1097 1891 numquam
1118 1833 1178 1893 pu·

218 1898 284 1962 tavi
308 1896 531 1981 expetendam:
560 1897 669 1978 itaque
693 1899 725 1962 et
747 1895 947 1979 provinciam
970 1899 1119 1960 ornatam
1141 1903 1178 1962 ct

219 2007 308 2070 spem
339 2006 407 2052 non
438 1984 570 2050 dubiam
600 1983 757 2068 triumphi
785 1983 926 2068 neglexi;
959 1984 1176 2050 sacerdotium

219 2074 365 2158 denique,
378 2095 486 2159 quum,
502 2072 771 2157 quemadmodum
783 2076 816 2136 te
831 2072 1012 2138 existimare
1026 2073 1176 2159 arbitror,

218 2184 286 2228 non
300 2162 486 2227 difficillime
504 2162 658 2244 consequi
670 2181 807 2245 possem,
825 2181 893 2226 non
911 2161 1067 2244 appetivi3
1087 2163 1174 2227 idem

217 2254 293 2336 post
314 2251 466 2316 iniuriam
489 2252 667 2334 acceptam,
697 2271 792 2332 quam
815 2252 852 2315 tu
878 2249 925 2313 rei
948 2249 1094 2334 publicae
1123 2273 1173 2315 ca·

217 2339 397 2404 lamitatem
425 2359 550 2422 semper
577 2337 741 2421 appellas,
762 2359 867 2403 meam
892 2359 961 2404 non
986 2337 1083 2404 modo
1105 2361 1173 2404 non

218 2427 444 2508 calamitatem,
468 2424 524 2496 sed
546 2425 644 2490 etiam
667 2425 812 2510 gloriam,
834 2425 942 2490 studui
962 2449 1059 2510 quam
1080 2449 1172 2493 orna-

218 2515 343 2579 tissima
375 2516 505 2578 senatus
532 2513 707 2597 populique
733 2513 872 2579 Romani
904 2515 943 2578 de
974 2535 1026 2579 me
1055 2515 1171 2581 iudicia

218 2601 427 2668 intercedere:
450 2602 558 2686 itaque
578 2605 610 2666 et
628 2622 732 2687 augur
749 2605 863 2686 postea
880 2601 950 2667 fieri
967 2604 1064 2688 rolui,
1087 2605 1170 2688 quod

219 2693 315 2756 antea
337 2690 554 2777 neglexeram,
582 2692 615 2755 et
637 2712 711 2754 eum
732 2690 902 2774 honorem,
920 2691 984 2776 *qui
1012 2713 1031 2755 a
1058 2697 1169 2756 senatu

218 2779 318 2844 tribui
343 2781 439 2845 rebus
471 2778 593 2844 bellicis
626 2779 721 2863 solet,
747 2779 930 2864 neglectum
961 2801 981 2842 a
1008 2800 1059 2844 me
1087 2781 1169 2863 olim,

166 2886 200 2938 14
217 2888 306 2933 nunc
328 2868 408 2932 mihi
431 2868 644 2951 expetendum
665 2871 755 2953 puto.
788 2865 873 2932 Huic
896 2889 985 2932 meae
1004 2869 1169 2952 voluntati,

218 2957 254 3020 in
276 2976 340 3040 qua
362 2956 448 3020 inest
470 2956 577 3039 aliqua
599 2956 647 3022 ris
671 2955 819 3020 desiderii
841 2955 882 3020 ad
903 2955 1083 3022 sanandum
1104 2958 1168 3022 rul-

217 3067 279 3110 nus
302 3043 447 3128 iniuriae,
469 3047 507 3109 ut
527 3043 638 3108 faveas
661 3043 850 3127 adiutorque
874 3044 932 3128 sis',
954 3044 1040 3128 quod
1062 3045 1168 3130 paullo

177 3136 181 3140 ’
219 3137 294 3198 ante
317 3153 368 3196 me
391 3134 769 3217 negaram'rogaturum
796 3131 1001 3197 vehementer
1027 3135 1060 3197 te
1082 3154 1169 3219 rogo,

288 3357 340 3429 Ep.
359 3364 384 3426 4,
400 3365 441 3413 12.
478 3359 548 3413 euim
566 3363 592 3412 te
608 3359 640 3413 id
657 3359 751 3425 acas.
779 3359 853 3426 (Ml,
871 3357 994 3430 Madvig.
1014 3359 1084 3429 Opp.
1103 3361 1123 3415 I.
1141 3379 1168 3430 p.

219 3431 290 3498 370).
335 3445 356 3484 c.
375 3429 407 3484 ire
425 3431 494 3484 tciri
511 3447 539 3483 a.
556 3429 578 3495 f.
598 3428 669 3498 (L.)?
715 3445 735 3482 e.
754 3430 785 3483 id
802 3430 897 3496 uoof.
921 3429 963 3498 V,
982 3430 1013 3483 B:
1032 3461 1065 3470 -
1084 3430 1168 3486 diom-

218 3499 261 3553 dis
280 3516 300 3553 e.
321 3499 394 3569 (W).
431 3501 467 3568 ct,
485 3516 507 3554 c.
525 3499 619 3568 vulgo.
