2568 3980
228 243 291 307 146
509 244 546 298 M.
566 242 690 300 TULLII
708 241 898 300 CICERONIS

225 389 277 454 his
302 389 440 454 miseriis
469 392 564 473 atque
592 411 631 452 ex
657 389 859 474 iniquissima
881 389 1067 454 condicione
1096 388 1199 454 vitae

186 497 208 546 a
226 477 395 543 videretur.
441 476 555 562 Quare,
577 477 605 542 si
627 478 688 542 tibi
710 499 811 543 unum
833 478 895 543 hoc
918 476 1043 542 detrahi
1065 480 1200 561 potest,

226 588 268 632 ne
286 567 364 651 quid
381 567 533 651 iia-quos
552 567 677 652 amasti,
699 567 776 631 mali
794 570 887 650 putes
906 566 1090 651 contigisse,
1113 587 1199 650 per·

226 657 365 722 multum
378 655 440 719 erit
457 675 496 718 ex
509 676 653 720 maerore
671 659 728 720 tuo
748 655 962 739 deminutum3
984 655 1201 738 relinquetur

225 745 314 809 enim
337 743 471 827 simplex
499 743 556 807 illa
582 744 647 807 iam
674 764 751 807 cura
774 744 893 809 doloris
920 745 983 827 tui,
1010 765 1092 827 quae
1117 765 1200 808 non

227 854 299 899 cum
321 833 385 897 illis
409 831 706 915 communicabitur,
728 832 784 898 sed
808 831 848 896 ad
870 837 903 896 te
926 833 1032 916 ipsum
1053 832 1200 916 proprie

226 922 395 1003 referetur,
418 921 453 986 in
476 943 540 1005 qua
561 941 630 986 non
651 923 702 984 est
722 919 788 985 iam
811 921 981 1005 gravitatis
1003 924 1036 985 et
1057 921 1200 1004 sapien·

226 1010 291 1074 tiae
313 1013 402 1094 tuae,
432 1032 529 1093 quam
559 1013 596 1073 tu
623 1031 644 1074 a
665 1029 765 1095 puero
789 1009 993 1093 praestitisti,
1018 1008 1103 1072 ferre
1130 1009 1199 1073 im·

226 1099 423 1164 moderatius
450 1120 561 1163 casum
582 1098 860 1164 incommodorum
888 1101 1031 1182 tuorum,
1062 1097 1119 1180 qui
1149 1097 1201 1162 sit

227 1188 269 1252 ab
283 1210 404 1272 eorum,
421 1209 502 1272 quos
521 1187 677 1271 dilexeris,
695 1187 823 1252 miseria
843 1187 992 1271 maloque
1006 1184 1200 1270 seiunctus;

228 1277 348 1341 etenim
366 1298 440 1342 eum
454 1297 580 1359 semper
592 1279 625 1340 te
644 1278 678 1340 et
694 1276 828 1361 privatis
842 1275 877 1339 in
890 1276 986 1340 rebus
1000 1278 1032 1339 et
1045 1273 1198 1358 publicis

227 1365 430 1449 praestitisti,
458 1362 580 1428 tuenda
601 1363 662 1428 tibi
684 1367 722 1429 ut
744 1364 787 1428 sit
809 1364 952 1450 gravitas
978 1367 1011 1428 et
1033 1366 1197 1428 constan·

227 1453 291 1517 tiae
315 1453 533 1535 serviendum3
559 1472 649 1535 nam,
677 1453 763 1536 quod
786 1453 924 1518 allatura
946 1456 995 1518 est
1020 1453 1093 1536 ipsa
1115 1451 1197 1516 diu-

227 1541 381 1625 turnitas,
409 1563 489 1626 quae
517 1541 673 1606 maximos
701 1543 808 1606 luctus
834 1545 997 1607 vetustate
1023 1540 1125 1624 tollit,
1157 1541 1196 1606 id

192 1648 288 1697 enos
310 1631 493 1716 praeripere
522 1629 657 1695 consilio
684 1630 918 1715 prudentiaque
945 1631 1110 1712 debemus3
1142 1632 1194 1694 et·

188 1791 193 1802 „
228 1719 325 1803 enim,
347 1719 374 1784 si
396 1719 486 1784 nulla
508 1718 572 1783 fuit
593 1739 746 1802 umquam
767 1719 877 1784 liberis
895 1719 1021 1784 amissis
1039 1721 1108 1782 tam
1126 1718 1194 1782 irn-

228 1808 343 1873 becillo
366 1808 481 1872 mulier
504 1808 626 1890 animo,
655 1830 736 1892 quae
759 1829 827 1873 non
853 1806 1027 1892 aliquando
1049 1807 1194 1891 lugendi

226 1898 360 1972 modum
386 1896 511 1979 fecerit,
538 1899 623 1960 certe
651 1917 724 1979 nos,
752 1896 837 1979 quod
865 1900 915 1960 est
941 1896 1009 1960 dies
1036 1895 1195 1980 allatura,
1282 1915 1283 1966 l

227 1986 262 2050 id
280 1985 415 2052 consilio
434 1984 764 2054 anteferre.debemns
784 2006 888 2068 neque
902 1986 1086 2068 exspectare
1104 1987 1192 2048 tem-

228 2076 317 2159 poris
339 2074 543 2158 medicinam,
571 2094 668 2158 quarn
693 2076 934 2157 repraesentare
956 2073 1082 2139 ratione
1110 2093 1192 2156 pos·

229 2164 337 2230 simus.
381 2162 443 2227 His
466 2182 527 2247 ego
549 2162 665 2226 litteris
689 2162 716 2227 si
738 2161 815 2246 quid
837 2161 1053 2245 profecissem,
1076 2161 1192 2225 existi·
1281 2183 1282 2211 r

229 2253 358 2317 mabam
382 2251 560 2334 optandum
583 2248 735 2333 quiddam
753 2271 803 2314 me
826 2271 896 2314 esse
918 2253 1111 2332 assecutum,
1134 2249 1192 2315 sin

228 2340 336 2405 minus
357 2338 442 2403 forte
464 2337 655 2421 valuissent,
681 2337 788 2403 officio
810 2341 921 2403 tamen
943 2360 1012 2403 esse
1034 2339 1191 2403 functum

228 2427 290 2492 viri
307 2424 615 2508 ,benevolentissimi
646 2428 742 2509 atque
774 2426 973 2512 amicissimi;
1005 2449 1101 2510 quem
1132 2447 1190 2492 mc
1280 2465 1281 2478 ι

228 2514 289 2579 tibi
321 2517 354 2578 et
383 2513 483 2577 fuisse
515 2533 641 2597 semper
667 2514 828 2580 existimes
855 2517 951 2581 velim
978 2518 1012 2580 et
1036 2516 1191 2582 futurum

143 2617 146 2624 '
228 2622 298 2668 esse
320 2600 473 2668 confidas.

652 2793 757 2860 XVII.

274 2903 332 2964 Ser.
351 2907 457 2963 Romae
475 2907 573 2964 eodem
590 2907 648 2964 fere
667 2912 801 2978 tempore,
821 2925 876 2977 quo
895 2929 938 2980 op.
960 2917 991 2965 18
1011 2912 1046 2979 (a
1070 2915 1141 2984 702).

420 3031 457 3086 Μ.
476 3031 605 3088 CICERO
625 3033 651 3089 S.
670 3032 703 3088 D.
722 3033 752 3090 P.
772 3033 891 3088 SITTIO
910 3035 940 3090 P.
960 3035 990 3089 F.

194 3146 210 3198 1
294 3131 373 3202 Non
404 3132 564 3199 oblivione
593 3133 752 3199 amicitiae
783 3137 914 3200 nostrae
949 3157 1054 3221 neque
1087 3139 1187 3203 inter·

115 3275 119 3284 .
228 3223 382 3289 missione
404 3220 644 3288 consuetudinis
672 3245 761 3288 meae
790 3225 1007 3308 superioribus
1031 3228 1185 3313 tempori·
1277 3229 1278 3288 J

228 3310 290 3377 bus
313 3311 354 3376 ad
376 3312 408 3376 te
426 3310 532 3374 nullas
550 3309 674 3375 litteras
692 3312 774 3397 misi,
797 3313 852 3376 sed
873 3313 958 3396 quod
976 3315 1089 3398 priora
1107 3321 1189 3381 tem·
1277 3325 1278 3379 l

228 3421 309 3484 pora
339 3399 375 3464 in
406 3399 507 3464 ruinis
539 3397 586 3462 rei
616 3399 763 3482 publicae
795 3401 976 3486 nostrisque
1005 3403 1187 3492 iacuerunt,
1276 3467 1277 3488 ,

299 3588 351 3660 Ep.
372 3596 413 3656 16,
428 3596 451 3644 θ.
489 3590 622 3657 anteferre
640 3591 706 3660 (M).
743 3593 893 3658 anteferre
911 3594 941 3648 B.
