2636 3986
370 226 630 284 EPISTOLARUM
648 227 722 283 XHL
743 233 854 282 12—15.
943 247 947 257 ·
1023 227 1088 291 431

131 395 171 438 ea
193 372 247 437 res
267 394 289 436 a
310 370 476 457 Volcatio,
498 372 553 455 qui
574 370 697 438 Romae
721 371 772 436 ius
795 371 885 454 dicit,
914 372 1033 436 reiecta
1053 370 1089 436 in

130 461 272 528 Galliam
299 463 357 525 est
400 459 481 525 Peto
504 482 525 524 a
546 464 579 525 tc
610 461 673 525 hoc
705 459 905 545 diligentius,
936 482 1034 543 quam
1061 461 1124 524 sir

129 572 204 616 mea
226 571 278 613 res
301 552 399 633 esset,
425 569 489 633 quo
512 551 563 613 est
583 547 751 613 honestius
775 548 813 612 de
836 547 1012 614 amicorum
1035 570 1088 633 pe-

131 639 228 704 cunia
250 637 398 703 laborare
416 658 514 721 quam
532 637 571 701 de
590 659 658 721 sua,
679 640 717 702 ut
734 637 902 722 negotium
920 636 1089 702 conficien-

131 728 210 792 dum
233 747 335 810 cures,
355 726 424 810 ipse
445 725 610 810 suscipias,
631 725 793 812 transigas
813 747 1006 810 operamque
1025 724 1090 810 des,

132 815 240 900 quoad
266 814 327 879 tibi
355 837 493 898 aequum
520 817 553 878 et
578 817 702 879 rectum
729 813 902 898 videbitur,
928 817 966 878 ut
993 834 1090 898 quam

132 902 393 969 commodissima
424 901 612 968 condicione
648 903 782 966 libertus
814 899 999 986 Strabonis,
1035 903 1090 986 qui

133 993 202 1058 eius
231 992 279 1056 rei
310 1013 408 1057 eausa
434 991 552 1056 missus
579 993 642 1074 est,
673 991 842 1076 negotium
868 991 1019 1056 conficiat
1049 991 1090 1056 ad

131 1102 346 1165 nummosque
367 1080 542 1165 perveniat.
577 1078 617 1144 Id
640 1079 774 1144 etmihi
793 1079 1011 1164 gratissimum
1030 1079 1092 1143 erit

134 1173 167 1234 et
188 1172 226 1233 tu
248 1169 316 1253 ipse
335 1167 371 1234 L.
388 1167 511 1234 Titium
533 1187 710 1254 cognosces
727 1168 869 1232 amicitia
890 1171 948 1232 tua
970 1168 1090 1252 dignis·

134 1257 259 1322 simum.
305 1256 397 1334 Quod
429 1262 466 1323 ut
491 1257 552 1322 tibi
584 1278 679 1322 curae
707 1256 763 1341 sit,
793 1260 832 1321 ut
854 1256 963 1321 omnia
985 1257 1092 1322 solent

134 1368 214 1431 esse,
235 1367 317 1430 quae
335 1347 485 1412 mavelle
504 1347 575 1431 sois,
597 1347 630 1410 te
648 1343 855 1411 vehementer
873 1345 971 1411 etiam
993 1347 1090 1429 atque

135 1435 234 1499 etiam
255 1455 345 1519 rogo.

576 1627 648 1694 XV.

294 1737 351 1796 co.
370 1740 490 1795 Asturae
509 1756 604 1795 mense
622 1741 715 1810 Aprili
733 1757 757 1794 a
777 1757 804 1795 u.
823 1757 846 1794 c.
866 1746 924 1796 700.

365 1839 667 1919 oicuuo'onussm
684 1863 758 1917 ms.
778 1861 854 1916 sno.

201 1961 373 2030 Precilium
399 1963 459 2028 tibi
487 1961 675 2028 commendo
702 1963 810 2047 unice,
838 1962 887 2028 tui
909 1962 1125 2049 necessarius

134 2053 199 2119 mei
220 2051 477 2134 familiarissimi,
502 2051 564 2116 viri
591 2051 706 2134 optimi
727 2051 843 2134 filium3
869 2072 965 2136 quem
992 2073 1091 2136 quum

134 2141 372 2207 adolescentem
393 2140 499 2223 ipsum
521 2142 654 2224 propter
672 2140 740 2204 eius
758 2137 957 2225 modestiam,
977 2139 1090 2206 huma·

134 2230 285 2311 nitatem,
313 2227 457 2293 animum
483 2230 516 2292 et
539 2249 681 2292 amorem
711 2248 788 2312 erga
814 2248 865 2291 me
894 2229 1091 2313 singularem

134 2316 268 2382 mirifice
291 2315 400 2400 diligo,
422 2319 492 2380 tum
514 2319 640 2400 patrem
663 2316 730 2380 eius
753 2337 788 2380 re
811 2315 925 2381 doctus
947 2317 1092 2381 intellexi

134 2408 169 2470 et
191 2404 287 2469 didici
309 2403 389 2468 mihi
410 2404 510 2469 fuisse
534 2425 659 2488 semper
677 2404 914 2469 amicissimum.
947 2403 1020 2489 Em,
1037 2405 1091 2470 hic

133 2494 189 2559 ille
216 2495 265 2558 est
287 2491 326 2558 ds
353 2493 432 2578 tuis,
458 2492 596 2557 maxime
623 2493 679 2576 qui
705 2493 837 2558 irridere
865 2497 960 2577 atque
984 2494 1090 2559 obiur-

135 2603 213 2667 gare
234 2602 285 2646 me
309 2581 423 2646 solitus
446 2585 509 2666 est,
530 2581 617 2666 quod
639 2603 691 2646 me
713 2603 781 2647 non
802 2585 925 2666 tecum,
947 2604 1089 2666 praeser-

133 2670 194 2734 tim
217 2691 316 2754 quum
338 2670 396 2735 abs
418 2673 451 2734 te
474 2669 797 2736 honorificentissime
819 2670 988 2756 invitarer,
1015 2693 1089 2737 oon·

133 2779 316 2844 iungerem3

180 2874 251 2946 ἀλλ’
278 2877 359 2966 ἐμὸν
378 2875 420 2946 οὔ
437 2901 517 2946 ποτε
539 2875 654 2965 θυμὸν
673 2877 723 2945 ἐνὶ
742 2875 924 2964 στήθεσσιν
942 2881 1090 2947 ἔνευσεν·

134 3005 305 3071 audiebam
327 3005 413 3070 enim
435 3008 565 3070 nostros
587 3025 736 3089 proceres
759 3004 974 3070 clamitantes:

178 3123 315 3213 ἄλκιμος
338 3122 420 3210 lod,
442 3128 500 3194 ἵνα
522 3130 572 3205 τίς
600 3144 632 3192 σε
652 3125 708 3192 ναὶ
727 3121 900 3211 ὀψηόνων
922 3117 961 3192 εὖ
983 3132 1068 3213 εἴπῃ.

178 3209 225 3294 (ὃς
245 3213 344 3300 φάτο,
366 3213 427 3282 τὸν
445 3211 476 3281 d’
502 3212 599 3301 ἄχεος
616 3214 739 3302 νεφέλη
759 3212 902 3295 ἐκάλυψε
919 3214 1068 3300 μέλαινα.

204 3423 256 3496 Ep.
278 3432 319 3494 14,
334 3431 358 3479 2.
395 3431 427 3480 ut
444 3443 525 3496 qaum
540 3425 596 3494 (M,
610 3425 717 3496 vulgo).
752 3430 777 3479 et
790 3441 871 3494 quom
884 3423 914 3478 B.
934 3426 996 3492 (err.
1008 3425 1087 3494 tyn).

135 3495 184 3566 cp.
206 3502 248 3564 15,
264 3503 287 3551 1,
324 3497 370 3552 illc
393 3501 432 3551 ot
453 3498 487 3552 dc
508 3498 565 3552 tais
589 3496 663 3566 (W).
703 3497 723 3550 ε’.
741 3501 781 3550 est
800 3497 835 3550 dc
856 3495 914 3552 illic
934 3495 972 3550 M.
1012 3496 1033 3549 ε’.
1050 3500 1089 3551 est

135 3565 179 3638 [dc
196 3567 265 3639 silis]
284 3567 346 3623 odd.
366 3567 464 3640 Regg,
482 3567 506 3622 B
