2658 3986
432 239 691 298 EPISTOLARUM
709 241 755 297 Vl.
776 249 799 297 6.
1031 241 1094 307 1Ἱ1

136 383 308 470 pracfecit,
331 381 509 470 Sulpicium
535 383 700 470 Graeciae,
727 385 929 471 Marcellum,
956 386 1008 452 cui
1029 409 1096 453 ma·

135 474 224 538 xime
253 473 474 559 suscensebat,
491 495 575 539 'cum
601 495 727 540 summa
752 475 840 540 illius
867 473 1026 560 dignitate
1047 497 1096 540 re-

137 561 254 627 stituit.
291 560 363 638 Quo
385 561 486 648 igitur
506 561 588 628 haec
611 563 780 648 spectant?
815 563 938 630 Rerum
959 562 1022 629 hoc
1039 583 1096 629 na·
1117 583 1149 636 ιι

136 654 214 716 ture
228 653 262 714 et
279 649 423 716 civilium
434 654 618 735 temporum
634 672 704 717 non
715 651 865 737 patietur,
882 672 944 716 nec
961 673 1098 718 manens

137 759 200 803 nec
227 741 354 804 mutate
379 739 464 804 ratio
490 738 587 824 feret,
613 740 753 826 primum
779 743 817 806 ut
843 762 912 806 non
937 741 973 806 in
1000 762 1099 806 cause

137 827 212 912 peri
226 827 338 894 eadem
352 828 442 893 citet
455 827 601 894 condicio
620 832 653 894 et
666 828 799 896 fortuna
812 829 966 914 omnium,
983 829 1097 894 deinde

137 915 329 981 utineam
353 916 515 981 civitatem
541 915 620 982 boni
647 917 708 981 viri
735 920 769 982 et
793 917 873 983 boui
900 917 985 983 cives
1006 919 1098 983 nulla

137 1003 321 1089 ignominia
342 1004 448 1070 notati
470 1027 539 1070 non
560 1001 773 1090 revertantur,
793 1006 830 1071 in
852 1027 949 1091 quam
970 1009 1022 1072 tot
1042 1026 1098 1073 ne

137 1092 297 1158 seriorum
320 1093 475 1158 scelerum
501 1093 709 1160 condemnati
733 1097 944 1160 reverterunt.
987 1093 1098 1160 Habes
1117 1113 1150 1164 ιι
1228 1161 1238 1178 ,

56 1218 59 1224 ·
139 1181 314 1266 augurium
339 1201 461 1266 meum,
492 1203 571 1266 quo,
602 1181 631 1246 si
658 1182 735 1266 quid
764 1181 999 1267 addubitarem,
1029 1203 1096 1248 non

138 1269 250 1354 potius
281 1272 389 1334 uterer
421 1291 518 1354 quarn
548 1271 606 1335 illa
637 1271 873 1373 consolatione,
909 1293 973 1356 qua
1002 1270 1098 1336 facile

138 1358 261 1424 fortem
282 1357 388 1424 virum
410 1361 640 1424 ειιιιιιιιιοιιιι
659 1362 702 1443 te,
724 1359 752 1424 si
774 1360 942 1444 explorata
963 1359 1098 1425 victuma

141 1468 233 1511 arma
259 1438 449 1531 sumpsisses
475 1469 538 1550 pro
562 1468 599 1513 re
624 1409 818 1532 publica-
841 1448 888 1513 ita
915 1447 1002 1514 enim
1027 1451 1098 1514 tum

140 1534 348 1620 putabas-,
368 1555 438 1601 non
458 1535 557 1600 nimis
579 1557 648 1601 esse
665 1537 920 1630 laudandum'
894 1558 946 1602 sm
966 1539 1099 1621 propter

140 1624 283 1688 incertos
306 1584 410 1689 eriitus
432 1627 629 1708 eventusque
652 1623 810 1692 bellorum
832 1645 928 1709 posse
947 1625 1099 1710 accidere,

140 1715 180 1776 ut
201 1711 402 1778 vinceremus
405 1715 599 1797 ,putassem
624 1733 694 1779 non
720 1713 836 1778 debere
862 1716 896 1778 te
923 1712 964 1778 ad
987 1733 1099 1778 secun·

141 1799 218 1864 dam
240 1799 407 1866 ιοιιιιιιιιιι
423 1801 506 1866 bene
525 1803 677 1886 peretum
692 1801 802 1885 fuisse,
825 1801 994 1866 adversam
1013 1801 1099 1866 ferre

140 1889 234 1953 nullo
256 1889 354 1954 modo
381 1909 486 1973 posse.
529 1888 738 1974 Disputarem
765 1889 876 1974 etiam,
904 1893 1025 1973 quanto
1049 1911 1099 1954 so·
1207 1956 1209 1963 ,

141 1976 223 2040 latio
245 1976 307 2041 tibi
329 1977 526 2044 conscientia
548 1978 598 2042 tui
618 1977 708 2062 facti,
730 1981 870 2063 quantae
894 1977 1100 2043 delectationi

5 2133 12 2146 ,
141 2064 179 2129 in
204 2064 301 2129 rebus
335 2065 477 2130 adversis
508 2066 635 2130 litterae
662 2087 732 2132 esse
763 2066 931 2149 deberent3
962 2086 1099 2130 comme-

142 2174 303 2218 morarem
333 2175 402 2219 non
437 2155 543 2222 solum
573 2157 731 2237 veterum,
767 2153 823 2218 sed
858 2153 975 2218 horum
1002 2153 1100 2220 etiam

143 2242 321 2306 recentium
348 2243 400 2306 vel
426 2242 545 2308 ducum
570 2243 623 2307 vel
650 2242 803 2308 comitum
824 2244 956 2307 tuorum
978 2241 1100 2328 gravis

143 2329 243 2396 simos
275 2350 381 2414 casus3
417 2331 516 2396 etiam
546 2333 695 2398 externos
726 2331 846 2397 multos
878 2331 982 2396 claros
1013 2330 1100 2396 viros

141 2418 360 2503 nominarem,
391 2419 478 2484 levat
509 2419 595 2484 enim
622 2419 766 2485 dolorem
797 2419 976 2486 communis
1005 2418 1101 2502 quasi

141 2506 226 2592 legis
249 2510 283 2571 et
299 2507 461 2572 humanae
480 2507 676 2574 conditionis
691 2509 886 2592 recordatio;
908 2527 1101 2593 exponerem
1120 2526 1153 2577 le

142 2595 252 2679 etiam,
273 2595 542 2680 quemadmodum
564 2595 617 2661 hic
640 2601 673 2662 et
690 2600 812 2681 quanta
829 2597 865 2661 in
886 2597 983 2662 turba
999 2617 1100 2681 quan·

142 2685 241 2768 taque
263 2683 299 2749 in
322 2684 512 2750 mnfirsione
534 2705 642 2750 rerum
665 2685 809 2751 omnium
830 2686 1023 2766 viveremus3
1044 2705 1100 2749 ne·

142 2793 233 2837 cesse
257 2775 307 2837 est
329 2772 416 2838 enim
438 2773 563 2839 minore
586 2773 744 2839 desiderio
766 2773 892 2858 perdita
912 2793 948 2837 re
971 2773 1101 2858 publica

143 2881 252 2926 carere
275 2881 373 2945 quam
394 2860 491 2928 bona.
531 2859 595 2927 Sed
616 2861 679 2928 hoc
697 2882 814 2948 genere
832 2861 913 2926 nihil
937 2883 1018 2946 opus
1037 2865 1100 2926 eet:

143 2948 340 3014 incolumem
366 2953 399 3014 te
426 2950 506 3035 cito,
536 2953 575 3015 ut
596 2971 704 3034 spero,
733 2951 785 3015 vel
814 2949 936 3034 potius,
966 2953 1005 3015 ut
1028 2970 1099 3034 per·

144 3037 255 3121 spicio,
277 3036 466 3104 videbimus.
501 3037 631 3103 Interea
651 3038 713 3104 tibi
735 3037 862 3104 absenti
884 3041 918 3103 et
939 3038 1022 3120 huic,
1045 3037 1104 3123 qul

142 3125 246 3210 adest,
267 3125 403 3212 imagini
426 3127 526 3192 animi
545 3130 578 3191 et
595 3127 739 3212 eorporis
755 3127 815 3210 tui,
837 3125 1100 3192 constantissimo

143 3217 242 3297 atque
270 3215 393 3299 optimo
421 3214 488 3280 filio
515 3219 586 3298 tuo,
613 3215 756 3280 studium
782 3215 938 3298 officium,
970 3234 1101 3298 operam

144 3300 290 3369 laborem
311 3325 420 3368 meum
441 3303 687 3389 iampridemet
708 3304 872 3388 pollicitus
899 3306 1026 3368 sumet
1011 3302 1100 3367 t-de

144 3390 218 3474 tuli,
244 3411 332 3456 nunc
353 3390 417 3457 hoc
439 3392 591 3477 amplius,
618 3392 704 3478 quod
730 3413 782 3457 me
810 3390 1001 3456 amicissime
1024 3411 1100 3474 quo·

131 3478 223 3544 ¹tidie
250 3480 355 3565 magis
383 3477 501 3546 Caesar
532 3481 735 3566 amplecitur,
765 3479 941 3546 familiares
972 3478 1101 3563 quidem

145 3567 229 3653 eine,
255 3569 350 3634 sicuti
371 3569 547 3634 neminem:
574 3569 660 3654 apud
687 3589 783 3653 quem
806 3567 960 3653 quidquid
985 3567 1100 3633 valebo
