2658 3986
240 225 302 292 178
519 224 558 278 Μ.
577 224 701 280 TULLII
720 223 911 282 CICERONIS

521 429 578 492 Ser.
597 437 703 492 Itomae
721 453 746 492 a.
765 455 793 492 u.
813 455 835 492 c.
852 443 910 494 ⁷08.

202 559 221 612 4
305 544 414 616 Antea
431 545 590 612 misissem
607 546 649 610 ad
666 549 700 610 te
713 546 847 632 litteras,
866 548 895 613 si
913 568 1016 633 genus
1034 549 1197 616 scribendi

238 635 430 719 invenirem3
458 633 519 700 tali
540 634 627 700 enim
648 638 793 720 tempore
816 640 874 701 aut
895 637 1056 702 consolari
1078 638 1196 704 amico-

238 745 311 790 rum
325 727 375 788 est
392 727 450 789 aut
462 723 619 808 polliceri:
643 724 863 790 consolatione
881 746 950 790 non
967 724 1091 810 utebar,
1108 726 1196 810 quod

239 834 278 878 ex
300 812 411 877 multis
430 811 609 898 audiebam,
630 833 728 898 quam
744 813 873 879 fortiter
890 813 1115 898 sapienterque
1132 815 1196 879 fer·

238 923 290 966 res
308 901 460 966 iniuriam
476 904 660 985 temporum
677 923 836 986 quamque
849 905 883 967 te
896 902 1104 969 vehementer
1119 922 1196 969 con·

239 990 398 1056 solaretur
425 990 624 1056 conscientia
649 990 811 1056 factorum
837 993 872 1056 et
892 987 1101 1058 consiliorum
1123 995 1195 1057 tuo·

238 1101 325 1162 rum3
351 1077 438 1164 quod
461 1078 590 1164 quidem
617 1079 646 1144 si
666 1079 762 1164 imis,
787 1100 943 1165 magnum
964 1080 1106 1145 frustm
1128 1083 1192 1144 stu·

239 1167 366 1233 diorum
388 1167 585 1252 optimorum
607 1168 705 1253 capis,
725 1168 762 1232 in
784 1169 900 1253 quibus
922 1172 955 1234 te
978 1189 1105 1254 semper
1125 1168 1192 1234 scio

239 1277 308 1321 esse
330 1259 503 1339 versatum,
524 1257 620 1341 idque
642 1260 682 1322 ut
696 1256 798 1322 facias
817 1257 914 1322 etiam
932 1260 1029 1342 atque
1047 1257 1144 1322 etiam
1161 1260 1196 1322 te

203 1344 360 1410 thortor.
405 1342 509 1410 Simul
530 1348 565 1408 et
585 1343 665 1410 illud
686 1345 761 1426 libi,
782 1345 908 1410 homini
929 1346 1124 1430 peritissimo
1146 1367 1195 1410 re-
1323 1347 1324 1398 l

238 1454 311 1498 rum
337 1435 371 1498 et
396 1433 616 1517 exemplorum
647 1436 680 1497 et
706 1433 812 1499 omnis
840 1434 1026 1519 vetustatis,
1056 1455 1097 1499 ne
1123 1435 1194 1519 ipse

239 1520 369 1604 quidem
390 1521 493 1606 rudis,
520 1521 634 1586 sedin
656 1521 763 1587 studio
790 1523 897 1588 minus
919 1523 1069 1608 tortasse,
1095 1543 1195 1607 quam

238 1609 363 1694 vellem,
381 1609 418 1674 in
435 1609 531 1674 rebus
550 1612 646 1694 atque
664 1632 726 1676 usu
739 1611 813 1695 plus
831 1612 938 1696 etiam,
956 1633 1052 1696 quam
1069 1612 1195 1695 vellem,

238 1701 385 1763 versatus
404 1698 557 1782 spondeo,
575 1698 636 1764 tibi
652 1699 750 1764 istam
768 1699 976 1765 acerbitatem
994 1704 1026 1765 et
1043 1699 1194 1765 iniuriam

238 1807 307 1852 non
325 1787 512 1852 diuturnam
528 1787 612 1870 fore3
629 1808 707 1852 nam
726 1789 855 1873 etipse,
873 1789 929 1873 qui
946 1788 1119 1873 plurimum
1137 1809 1194 1871 po·

238 1877 312 1960 teet,
330 1875 473 1959 quotidie
491 1875 572 1940 mihi
590 1837 697 1941 delabi
713 1876 755 1940 ad
772 1877 969 1961 aequitatem
983 1881 1016 1941 et
1033 1876 1194 1941 adrerum

238 1967 390 2030 naturam
410 1964 593 2030 rideturt
560 1968 593 2029 et
613 1964 686 2066 ipsa
703 1985 801 2030 causa
819 1987 858 2030 ea
875 1969 933 2050 est,
954 1965 1023 2031 ut
1013 1986 1079 2029 ram
1098 1964 1194 2029 simul

239 2073 312 2118 cum
334 2074 369 2118 re
390 2052 530 2156 publica,
552 2075 634 2138 quae
656 2053 692 2118 in
713 2053 936 2139 perpetuum
925 2075 1030 2119 iacere
1047 2074 1116 2118 non
1137 2074 1194 2136 po·

238 2145 312 2227 test,
334 2142 515 2208 necessario
537 2141 716 2207 revivescat
733 2145 829 2227 atque
847 2146 1016 2226 recreetur,
1038 2140 1193 2226 quotidie
1317 2178 1320 2207 l

239 2252 301 2315 que
315 2229 437 2314 aliquid
453 2230 493 2294 fit
509 2231 613 2294 lenius
632 2233 666 2295 et
681 2229 857 2315 liberalius,
874 2252 971 2314 quam
987 2192 1194 2295 timebamus.
1321 2291 1322 2308 2

239 2339 321 2402 quae
349 2318 503 2402 quoniam
528 2319 565 2382 in
594 2320 778 2402 temporum
808 2319 1072 2384 inclinationibus
1099 2338 1194 2402 saepe

239 2406 347 2490 parvis
374 2405 482 2490 posita
509 2409 599 2490 sunt,
626 2406 736 2470 omnia
761 2410 927 2473 momenta
953 2405 1195 2473 observabimus

238 2515 343 2578 neque
361 2495 464 2559 ullum
481 2494 774 2596 praetermittemus
791 2495 841 2562 tui
857 2495 989 2598 iuvandi
1012 2498 1047 2598 et
1066 2494 1195 2560 levandi
1314 2541 1321 2567 .1

205 2581 1196 2758 ⁶*gru,u{rsrddltraeett'altuu
1313 2726 1316 2757 ,

239 2761 385 2845 polliceri
402 2761 536 2847 possim:
558 2761 593 2826 id
610 2783 645 2826 re
663 2783 761 2846 quam
777 2762 884 2827 verbis
897 2761 1016 2826 faciam
1032 2759 1195 2826 libentius.

240 2848 290 2915 Tu
304 2850 401 2915 velim
414 2850 576 2918 existimes
590 2853 625 2916 et
636 2851 744 2935 plures
762 2853 795 2915 te
814 2850 934 2915 amieos
952 2849 1080 2932 habere,
1098 2869 1196 2933 quam

240 2939 297 3023 qui
318 2938 354 3004 in
375 2939 439 3005 isto
463 2961 540 3005 casu
568 2939 634 3004 sint
660 2959 698 3004 ac
719 2939 855 3024 fuerint,
881 2941 1040 3024 quantum
1066 2937 1195 3022 quidem

241 3047 302 3113 ego
332 3027 513 3114 intelligere
539 3027 714 3114 potuerim,
745 3029 779 3092 et
804 3047 856 3092 me
883 3027 1057 3092 concedere
1084 3047 1196 3091 eorum

239 3116 371 3182 nomini.
418 3115 550 3183 Fortem
576 3116 629 3182 fac
655 3116 799 3180 animum
825 3115 946 3181 habeas
973 3118 1007 3180 et
1031 3135 1197 3200 magnum,
1230 3145 1235 3150 ·

241 3205 328 3290 quod
350 3208 400 3270 est
420 3205 457 3270 in
478 3226 544 3270 uno
566 3208 613 3270 te:
640 3225 722 3288 quae
745 3206 822 3270 sunt
843 3204 879 3268 in
900 3203 1047 3288 fortuna,
1072 3205 1196 3286 tempo·

240 3294 330 3359 ribus
351 3295 506 3378 regentur
527 3295 561 3358 et
583 3293 725 3358 consiliis
746 3293 869 3358 nostris
892 3292 1156 3377 providebantur.

310 3503 362 3575 Ep
383 3507 464 3571 106
500 3503 739 3572 eeWen,in(.W).
775 3501 1043 3574 a,[et]s'a01.‚B.
1078 3498 1197 3556 o.ets'ss

151 3577 155 3584 '
236 3571 278 3628 M.
315 3581 340 3629 6.
363 3544 447 3643 potiri
465 3571 531 3642 (W.)
537 3581 550 3628 l
521 3575 720 3643 meracam
736 3573 773 3628 M.
776 3573 895 3645 ,.vulgo
