2578 3978
241 230 281 295 76
520 231 557 287 Μ.
576 229 700 287 TULLII
717 227 907 285 CICERONIS

238 378 701 533 {tltttllffllltl'ull
717 381 762 532 ll
780 381 1047 551 tttssttttll
1063 376 1203 531 {altit

239 552 410 641 Corcyrae,
437 577 532 640 quem
558 557 593 620 in
615 490 723 621 locurii
748 577 799 620 me
822 555 930 621 uenire
952 555 1066 639 velles,
1092 558 1201 620 rettu-

238 644 355 709 lissem.
401 642 505 720 Quare
531 648 624 730 potes
652 644 844 711 doctissimis
870 642 1056 711 hominibus
1084 647 1200 708 aucto-

237 733 336 818 ribus,
359 755 496 818 quorum
518 736 596 799 aunt
617 732 656 798 dc
679 732 820 797 amicitia
842 732 984 818 gerenda
1005 732 1200 815 praeclaris-

238 822 317 887 sime
336 823 447 907 scripti
464 822 547 907 libri,
566 843 668 908 genus
686 821 748 886 hoc
766 823 873 886 totum
892 821 1047 886 orationis
1065 821 1200 886 tollere:

238 910 479 995 „disputabant3
502 931 563 997 ego
587 914 700 976 contra
714 909 920 974 disserebam:
943 909 1107 992 dicebant,
1132 929 1198 995 ego

202 998 424 1084 anegabam‘fi
469 997 524 1064 An
549 999 630 1065 mihi
657 999 695 1063 de
717 1001 751 1062 te
772 997 855 1063 nihil
882 1019 951 1062 esre
979 997 1102 1062 dictum
1125 1021 1203 1063 um·-

238 1110 335 1172 quam
356 1087 474 1173 putas?
497 1110 538 1153 ne
560 1088 622 1153 hoc
645 1087 782 1172 quidem,
805 1087 899 1171 quod,
923 1109 1022 1171 quum
1039 1108 1091 1150 me
1110 1086 1200 1152 Lao·

237 1177 361 1242 diceam
396 1178 505 1242 venire
536 1177 706 1260 voluisses,
740 1175 883 1240 Taurum
917 1173 987 1260 ipse
1022 1176 1199 1240 transisti?

238 1266 324 1350 quod
346 1265 459 1330 iisdem
482 1265 594 1330 diebus
616 1286 706 1329 meus
730 1267 907 1328 conventus
931 1268 1001 1328 erat
1018 1261 1199 1351 Apameae,

238 1353 418 1438 Synnadac,
430 1353 621 1437 Philomelii,
639 1356 714 1417 tuus
728 1352 843 1416 Tarsi?
879 1350 957 1417 Non
970 1352 1075 1416 dicam
1088 1353 1199 1439 plura,

236 1463 292 1526 ne,
317 1443 353 1506 in
381 1463 444 1525 quo
470 1444 505 1506 te
532 1441 711 1526 obiurgem,
737 1441 771 1504 id
793 1442 899 1524 ipsum
926 1441 1036 1506 videar
1057 1442 1199 1507 imItari:

235 1530 317 1595 illud
334 1530 447 1614 dicam,
464 1532 501 1594 ut
519 1530 636 1594 sentio:
660 1530 688 1593 si
705 1529 777 1612 ista,
795 1550 877 1613 quae
896 1529 976 1594 alios
994 1530 1084 1614 loqui
1102 1529 1200 1614 dicis,

236 1619 305 1703 ipse
333 1619 446 1703 sentis,
472 1621 530 1682 tua
558 1639 683 1682 summa
710 1618 805 1701 culpa
831 1622 893 1701 est,
920 1617 972 1682 ain
999 1621 1106 1682 autem
1136 1619 1197 1684 alii

235 1711 343 1772 tecum
360 1706 440 1773 haec
457 1707 643 1791 loquuntur,
660 1709 718 1770 tua
735 1708 854 1789 tamen,
872 1706 957 1790 quod
976 1707 1077 1790 audis,
1095 1707 1198 1791 culpa

235 1796 394 1862 nonnulla
424 1798 482 1860 est.
526 1794 600 1859 Mea
631 1795 714 1859 ratio
745 1794 781 1858 in
810 1797 882 1859 tota
909 1795 1051 1859 amicitia
1077 1799 1197 1860 nostra

237 1888 389 1949 constans
408 1887 441 1948 et
458 1885 565 1970 gravis
583 1884 772 1968 reperietur3
796 1883 882 1966 quod
905 1883 933 1947 si
955 1883 1008 1968 qui
1036 1904 1084 1947 me
1102 1888 1195 1948 astu·
1283 1947 1284 1964 ,

235 1972 351 2038 tiorem
373 1972 477 2058 fingit,
499 1972 576 2057 quid
595 1975 790 2057 potestesse
808 1971 942 2036 calidius
961 1992 1067 2056 quam,
1089 1993 1196 2055 quum

235 2064 268 2126 te
296 2060 462 2126 absentem
485 2082 610 2146 semper
636 2059 846 2143 defenderim,
873 2080 972 2142 quum
998 2061 1195 2144 pracsertim

235 2150 316 2214 mihi
337 2171 399 2215 usu
420 2153 593 2214 venturum
619 2171 687 2214 non
710 2148 894 2231 arbitrarer,
917 2151 955 2212 ut
977 2167 1037 2233 ego
1062 2169 1196 2233 quoque
1282 2147 1283 2187 ³

236 2241 311 2304 ato
338 2239 454 2303 absens
481 2237 700 2302 defendendus
728 2257 843 2319 essem,
870 2257 957 2300 nunc
979 2235 1197 2322 committere,

235 2329 273 2391 ut
299 2325 336 2390 tu
362 2326 430 2390 iure
458 2327 580 2410 optimo
608 2345 659 2389 me
690 2323 856 2388 absentem
886 2323 1029 2389 deserere
1062 2326 1195 2409 possis?
1281 2375 1282 2403 3

201 2423 216 2471 7
235 2412 347 2479 Unum
369 2433 471 2498 genus
494 2412 617 2497 excipio
635 2412 799 2495 sermonis,
821 2412 856 2475 in
874 2432 937 2495 quo
955 2433 1110 2497 persaepe
1134 2415 1194 2478 ali·

236 2501 312 2586 quid
335 2501 460 2584 dicitur,
483 2500 568 2586 quod
589 2504 623 2565 te
645 2503 755 2584 putem
777 2500 864 2564 nolle
888 2499 959 2585 dici,
981 2501 1009 2566 si
1027 2505 1085 2566 aut
1102 2503 1194 2588 lega-
1280 2577 1281 2588 χ

235 2594 343 2654 torum
364 2593 494 2654 tuorum
517 2589 655 2672 cuipiam
678 2591 734 2652 aut
751 2589 988 2670 praefectorum
1011 2592 1069 2654 aut
1087 2591 1193 2656 tribu·
1280 2591 1281 2608 ³

235 2699 352 2742 uorum
383 2678 521 2741 militum
547 2678 632 2741 male
664 2675 792 2740 dicitur:
824 2676 909 2759 quod
940 2681 1052 2742 tamen
1082 2678 1194 2762 ipsum

187 2787 197 2856 ζ
235 2787 303 2830 non
329 2765 510 2830 mehercule
538 2764 643 2829 adhuc
670 2763 799 2846 accidit,
825 2785 876 2828 me
899 2764 1049 2831 audiente
1072 2768 1111 2830 ut
1134 2771 1195 2832 aut
1279 2793 1280 2833 ι

236 2852 366 2938 gravius
389 2852 548 2917 diceretur
570 2856 626 2916 aut
648 2853 683 2915 in
704 2851 821 2936 plures,
844 2873 941 2936 quam
963 2875 1090 2918 mecum
1113 2852 1192 2920 Cor-

236 2961 330 3025 cyrae
344 2938 474 3004 Clodius
489 2943 539 3006 est
550 2940 686 3022 locutus,
705 2961 803 3023 quum
816 2939 852 3002 in
866 2961 904 3004 eo
919 2961 1037 3026 genere
1050 2943 1195 3009 maxime

235 3031 421 3113 quereretur
451 3031 484 3094 te
516 3027 652 3092 aliorum
682 3027 887 3111 improbitate
918 3030 1026 3094 minus
1052 3031 1194 3118 felicem,
1278 3017 1279 3049 ³

305 3220 357 3290 Ep.
377 3227 401 3286 8,
417 3224 440 3274 t.
474 3221 563 3289 cepit,
580 3235 637 3274 aco
651 3219 688 3273 ad
700 3234 827 3288 ymerum
839 3226 917 3274 tuma
930 3224 946 3260 *
959 3237 1045 3292 oeque
1058 3223 1097 3277 ad
1110 3223 1193 3279 lider-
1277 3259 1278 3265 κ

234 3296 293 3345 tum
311 3290 414 3358 (vict).
451 3289 564 3344 Excidit
581 3291 631 3343 cut
648 3289 751 3343 Romae
769 3290 824 3358 (V.)
843 3294 894 3344 aut
909 3291 1025 3346 Tarenti
1043 3293 1191 3364 (Bangel.).

234 3363 303 3426 †c.,
320 3376 377 3414 noa
393 3377 451 3430 pcc.
476 3365 494 3414 t.
518 3361 644 3414 libertam
665 3358 729 3412 ΜΒ,
777 3367 800 3414 6.
829 3360 979 3430 Syaaudcc
999 3363 1080 3432 (Ma).
1118 3363 1190 3434 Syra

234 3431 306 3484 aude
323 3429 382 3498 Ml,
402 3431 431 3484 B.
450 3460 486 3470 -
504 3430 622 3485 cotidiae
636 3429 728 3498 (acha.
765 3431 894 3486 callidius
907 3431 954 3500 M,
968 3433 1063 3504 vulgo.
1103 3441 1126 3489 7.
1147 3452 1190 3490 ac·
1276 3467 1277 3481 ἢ

234 3499 311 3564 cidit,
327 3517 368 3553 mc
386 3502 513 3555 audiente
525 3504 557 3554 ut
576 3499 649 3569 (W.).
687 3501 788 3556 accidit
800 3518 840 3556 me
854 3519 889 3568 a,
907 3507 939 3557 ut
952 3503 1046 3574 vulgo.
1066 3534 1102 3544 -
1120 3505 1192 3560 dice·

234 3574 310 3624 retur
329 3574 378 3624 aut
396 3571 516 3637 liberius,
534 3587 615 3640 quam
634 3571 719 3639 (W.)·?
