2578 3978
435 961 546 1022 mean
563 965 729 1025 TERTIUS.

186 1092 246 1160 nn
277 1093 353 1160 nn.
390 1063 661 1161 castorum
696 1091 982 1162 rotonensi
1109 1177 1111 1179 ,

567 1271 595 1337 Ι.

315 1392 376 1449 Sor.
394 1391 500 1448 Romae
517 1393 637 1447 exeunte
655 1408 681 1448 a.
698 1409 727 1448 n.
745 1409 768 1448 c.
788 1398 848 1448 ⁷02.

361 1531 490 1589 CICERO
507 1532 616 1590 APPIO
633 1533 707 1590 IMP.
728 1533 755 1589 S.
772 1533 807 1590 D.

171 1639 206 1708 si
221 1643 294 1727 ipsa
310 1663 365 1708 rea
383 1642 514 1727 publica
529 1641 591 1708 tibi
608 1663 740 1708 narrare
758 1645 877 1729 posset,
899 1643 1060 1728 quomodo
1080 1656 1095 1704 1

101 1751 177 1798 sese
197 1730 341 1816 haberet,
363 1751 432 1797 non
453 1731 581 1797 facilius
604 1753 644 1796 ex
666 1753 705 1797 ea
722 1752 917 1818 cognoscere
938 1753 1062 1818 posses,

101 1841 204 1905 qnam
234 1840 273 1884 cx
301 1819 420 1885 liberto
450 1822 509 1885 too
535 1817 674 1885 Phania:
705 1820 753 1884 ita
784 1824 834 1886 est
863 1820 962 1886 bomo
992 1841 1062 1886 non

100 1908 202 1974 modo
224 1907 376 1993 prudens,
397 1929 510 1973 verum
532 1908 642 1994 etiam,
665 1909 751 1993 qnod
772 1909 874 1994 iuvet,
902 1909 1061 1993 curiosus3

102 1999 303 2083 quapropter
318 1997 373 2062 ilie
391 1995 452 2062 tibi
468 1997 580 2064 omnia
601 1998 796 2083 explanabit,
817 1997 850 2062 id
873 1998 959 2064 enim
981 1998 1062 2063 mihi
1092 2013 1097 2026 ’

102 2089 137 2151 et
159 2085 202 2152 ad
223 2085 417 2151 brevitatem
440 2089 490 2152 est
512 2085 619 2170 aptius
642 2089 675 2151 et
698 2086 739 2150 ad
760 2087 901 2171 reliquas
918 2108 970 2152 res
987 2108 1061 2170 pro·

103 2173 276 2240 videntius.
330 2173 380 2239 De
411 2195 484 2238 mea
515 2176 624 2239 autem
653 2174 880 2240 benevolentia
912 2193 990 2259 erga
1020 2178 1062 2259 te,

104 2262 167 2328 etsi
189 2267 283 2348 potos
306 2283 346 2326 cx
367 2261 481 2328 eodem
502 2260 629 2328 Phania
650 2283 857 2350 cognoscere,
883 2265 995 2326 tamen
1016 2262 1061 2328 vi·

105 2351 223 2416 dentur
254 2351 354 2416 etiam
385 2351 511 2435 aliquae
541 2373 632 2418 meae
659 2355 781 2436 partes:
814 2351 860 2418 sie
885 2351 974 2416 enirn
1001 2349 1063 2416 tibi

105 2439 277 2526 persuade,
303 2439 506 2505 carissimum
530 2443 564 2505 te
591 2440 672 2504 mibi
696 2463 768 2506 esse
799 2461 899 2526 quum
929 2443 1063 2526 propter

107 2529 226 2594 multas
250 2529 426 2595 suavitates
448 2528 586 2614 ingenii,
608 2529 716 2613 officii,
737 2529 950 2594 humanitatis
977 2533 1062 2615 tuae,

106 2619 178 2682 tum
199 2617 287 2703 qnod
309 2639 349 2683 ex
370 2616 436 2683 tuis
457 2617 575 2683 litteris
599 2620 632 2682 et
653 2639 692 2683 ex
714 2620 890 2684 multorum
908 2618 1061 2684 sermoni·

107 2703 167 2772 bns
192 2707 342 2793 intelligo
370 2705 492 2792 omnia,
518 2727 601 2791 quae
628 2726 649 2771 a
674 2728 726 2773 me
752 2707 899 2792 profecta
925 2707 1063 2773 suntin

108 2796 148 2880 tc,
164 2795 226 2860 tibi
244 2795 398 2882 accidisse
417 2795 613 2882 gratissima3
636 2795 722 2880 quod
740 2817 840 2880 quum
857 2796 905 2860 ita
923 2795 974 2882 sit,
991 2817 1062 2881 per·

109 2881 211 2949 teiam
242 2884 404 2971 profecto,
438 2887 477 2948 ut
506 2884 598 2969 longi
632 2885 789 2969 temporis
819 2905 968 2970 usuram,
999 2905 1063 2971 qua

112 2973 268 3038 caruimus
290 2971 476 3038 intermissa
497 2975 611 3038 nostra
633 2972 879 3060 consuetudine,
900 2977 935 3039 et
957 2975 1064 3060 gratia

112 3062 142 3124 et
170 3060 344 3128 crebritate
376 3064 410 3126 ct
444 3060 670 3147 magnitudine
701 3061 883 3129 officiomm
917 3084 1063 3129 meorum

113 3149 257 3236 sarciam,
283 3150 380 3236 idque
406 3171 472 3235 me,
500 3150 654 3236 quoniam
674 3153 713 3216 tu
734 3151 783 3216 ita
803 3151 866 3238 ris,
892 3153 972 3236 puto
995 3170 1064 3214 non

112 3235 210 3303 mvita
235 3238 385 3305 Minerva
411 3259 481 3304 esse
507 3239 683 3325 facturam,
711 3261 809 3325 qnam
836 3240 966 3326 quidem
992 3258 1063 3323 ego,

114 3324 236 3392 cifortc
254 3327 294 3395 de
311 3329 378 3394 tais
396 3348 573 3413 sumpsero,
594 3349 663 3394 non
681 3330 787 3394 solum
809 3321 984 3412 Παλλάδα,
1007 3325 1063 3390 sed

115 3413 205 3481 ctiam
233 3409 399 3480 Ἀππιάδα
433 3416 618 3482 nominabo.
676 3414 772 3502 cilix,
807 3415 943 3482 libertus
978 3416 1098 3500 tuum

116 3506 205 3568 antea
225 3504 307 3570 mihi
327 3504 436 3570 minus
457 3505 522 3572 fnit
543 3508 655 3590 notus3
677 3505 743 3588 sed,
765 3507 802 3569 nt
823 3501 903 3567 mibi
925 3501 1065 3566 reddidit

117 3594 178 3656 ate
193 3593 321 3660 litteras
338 3593 452 3679 plenas
470 3597 504 3660 ct
521 3594 641 3660 amoris
663 3596 698 3658 et
715 3590 822 3670 officii,
843 3588 976 3654 mirifice
992 3589 1063 3674 ipse
