<?xml version="1.0" encoding="UTF-8"?>
<!DOCTYPE html PUBLIC "-//W3C//DTD XHTML 1.0 Transitional//EN"
    "http://www.w3.org/TR/xhtml1/DTD/xhtml1-transitional.dtd">
<html xmlns="http://www.w3.org/1999/xhtml" xml:lang="en" lang="en">
 <head>
  <title>
</title>
<meta http-equiv="Content-Type" content="text/html;charset=utf-8" />
  <meta name='ocr-system' content='tesseract 3.04.00' />
  <meta name='ocr-capabilities' content='ocr_page ocr_carea ocr_par ocr_line ocrx_word'/>
</head>
<body>
  <div class='ocr_page' id='page_1' title='image "./epistolae00wesegoog_0027.png"; bbox 0 0 2578 3978; ppageno 0'>
   <div class='ocr_carea' id='block_1_1' title="bbox 14 487 17 580">
    <p class='ocr_par' dir='ltr' id='par_1_1' title="bbox 14 457 17 638">
     <span class='ocr_line' id='line_1_1' title="bbox 14 487 17 580; baseline 0 10"><span class='ocrx_word' id='word_1_1' title='bbox 14 487 17 580; x_wconf 66' lang='lat' dir='ltr'><strong>i</strong></span> 
     </span>
    </p>
   </div>
   <div class='ocr_carea' id='block_1_2' title="bbox 366 181 1039 246">
    <p class='ocr_par' dir='ltr' id='par_1_2' title="bbox 366 181 1039 246">
     <span class='ocr_line' id='line_1_2' title="bbox 366 181 1039 246; baseline 0.016 -12"><span class='ocrx_word' id='word_1_2' title='bbox 366 181 625 238; x_wconf 80' lang='lat' dir='ltr'>EPIS&#39;I&#39;OLARUM</span> <span class='ocrx_word' id='word_1_3' title='bbox 644 182 664 235; x_wconf 92' lang='grc' dir='ltr'><strong>Ι.</strong></span> <span class='ocrx_word' id='word_1_4' title='bbox 685 189 709 236; x_wconf 78' lang='lat'><strong>7.</strong></span> <span class='ocrx_word' id='word_1_5' title='bbox 727 189 753 237; x_wconf 81' lang='lat'><strong>8.</strong></span> <span class='ocrx_word' id='word_1_6' title='bbox 1000 181 1039 246; x_wconf 86' lang='lat'><strong>15</strong></span> 
     </span>
    </p>
   </div>
   <div class='ocr_carea' id='block_1_3' title="bbox 407 429 607 495">
    <p class='ocr_par' dir='ltr' id='par_1_3' title="bbox 407 429 607 495">
     <span class='ocr_line' id='line_1_3' title="bbox 407 429 607 495; baseline 0.005 -1"><span class='ocrx_word' id='word_1_7' title='bbox 407 455 420 468; x_wconf 37' lang='lat' dir='ltr'><strong>r</strong></span> <span class='ocrx_word' id='word_1_8' title='bbox 517 429 607 495; x_wconf 89' lang='lat' dir='ltr'>VIII.</span> 
     </span>
    </p>
   </div>
   <div class='ocr_carea' id='block_1_4' title="bbox 248 541 1028 598">
    <p class='ocr_par' dir='ltr' id='par_1_4' title="bbox 248 541 1028 598">
     <span class='ocr_line' id='line_1_4' title="bbox 248 541 1028 598; baseline 0.004 -2"><span class='ocrx_word' id='word_1_9' title='bbox 248 541 305 597; x_wconf 84' lang='lat' dir='ltr'><strong>Sor.</strong></span> <span class='ocrx_word' id='word_1_10' title='bbox 320 542 425 597; x_wconf 87' lang='lat' dir='ltr'><strong>Romae</strong></span> <span class='ocrx_word' id='word_1_11' title='bbox 439 558 534 598; x_wconf 87' lang='lat' dir='ltr'><strong>mense</strong></span> <span class='ocrx_word' id='word_1_12' title='bbox 548 543 677 598; x_wconf 81' lang='lat' dir='ltr'><strong>Ianuario</strong></span> <span class='ocrx_word' id='word_1_13' title='bbox 692 559 716 597; x_wconf 89' lang='lat' dir='ltr'><strong>a.</strong></span> <span class='ocrx_word' id='word_1_14' title='bbox 731 561 758 597; x_wconf 83' lang='lat' dir='ltr'><strong>u.</strong></span> <span class='ocrx_word' id='word_1_15' title='bbox 773 560 795 598; x_wconf 86' lang='lat' dir='ltr'><strong>c.</strong></span> <span class='ocrx_word' id='word_1_16' title='bbox 811 549 871 598; x_wconf 75' lang='grc'>699.</span> <span class='ocrx_word' id='word_1_17' title='bbox 951 553 954 556; x_wconf 84' lang='grc'><em>“</em></span> <span class='ocrx_word' id='word_1_18' title='bbox 1026 551 1028 556; x_wconf 69' lang='grc'>“</span> 
     </span>
    </p>
   </div>
   <div class='ocr_carea' id='block_1_5' title="bbox 219 642 1002 740">
    <p class='ocr_par' dir='ltr' id='par_1_5' title="bbox 219 642 1002 740">
     <span class='ocr_line' id='line_1_5' title="bbox 219 642 1002 740; baseline 0.004 -20"><span class='ocrx_word' id='word_1_19' title='bbox 219 665 255 721; x_wconf 86' lang='lat' dir='ltr'><strong>u.</strong></span> <span class='ocrx_word' id='word_1_20' title='bbox 273 664 401 720; x_wconf 79' lang='lat' dir='ltr'><strong>cranao</strong></span> <span class='ocrx_word' id='word_1_21' title='bbox 421 664 499 727; x_wconf 76' lang='lat' dir='ltr'><strong>sn.</strong></span> <span class='ocrx_word' id='word_1_22' title='bbox 519 666 549 720; x_wconf 81' lang='grc' dir='ltr'><strong>Ρ.</strong></span> <span class='ocrx_word' id='word_1_23' title='bbox 568 665 740 740; x_wconf 80' lang='lat' dir='ltr'><strong>nunruno</strong></span> <span class='ocrx_word' id='word_1_24' title='bbox 759 665 905 723; x_wconf 80' lang='lat' dir='ltr'><strong>rnocos.</strong></span> <span class='ocrx_word' id='word_1_25' title='bbox 954 676 956 681; x_wconf 93' lang='lat'>·</span> <span class='ocrx_word' id='word_1_26' title='bbox 1000 642 1002 645; x_wconf 75' lang='grc'><strong>’</strong></span> 
     </span>
    </p>
   </div>
   <div class='ocr_carea' id='block_1_6' title="bbox 89 763 1073 1381">
    <p class='ocr_par' dir='ltr' id='par_1_6' title="bbox 89 763 1073 1381">
     <span class='ocr_line' id='line_1_6' title="bbox 155 763 1073 851; baseline 0 -21"><span class='ocrx_word' id='word_1_27' title='bbox 155 763 201 830; x_wconf 91' lang='lat' dir='ltr'><strong>De</strong></span> <span class='ocrx_word' id='word_1_28' title='bbox 224 766 373 830; x_wconf 89' lang='lat' dir='ltr'><strong>omnibus</strong></span> <span class='ocrx_word' id='word_1_29' title='bbox 395 766 504 849; x_wconf 88' lang='lat' dir='ltr'><strong>rebus,</strong></span> <span class='ocrx_word' id='word_1_30' title='bbox 532 786 613 849; x_wconf 84' lang='lat' dir='ltr'><strong>quae</strong></span> <span class='ocrx_word' id='word_1_31' title='bbox 637 766 678 831; x_wconf 90' lang='lat' dir='ltr'><strong>ad</strong></span> <span class='ocrx_word' id='word_1_32' title='bbox 704 770 737 832; x_wconf 92' lang='lat' dir='ltr'><strong>te</strong></span> <span class='ocrx_word' id='word_1_33' title='bbox 759 767 935 851; x_wconf 79' lang='lat' dir='ltr'><strong>pertinent,</strong></span> <span class='ocrx_word' id='word_1_34' title='bbox 964 767 1040 851; x_wconf 91' lang='lat' dir='ltr'><strong>quid</strong></span> <span class='ocrx_word' id='word_1_35' title='bbox 1060 781 1073 830; x_wconf 87' lang='lat'>1</span> 
     </span>
     <span class='ocr_line' id='line_1_7' title="bbox 94 853 1071 940; baseline 0.006 -26"><span class='ocrx_word' id='word_1_36' title='bbox 94 856 202 938; x_wconf 76' lang='lat' dir='ltr'><strong>actim,</strong></span> <span class='ocrx_word' id='word_1_37' title='bbox 224 853 300 938; x_wconf 90' lang='lat' dir='ltr'><strong>quid</strong></span> <span class='ocrx_word' id='word_1_38' title='bbox 324 853 536 919; x_wconf 86' lang='lat' dir='ltr'><strong>constitutum</strong></span> <span class='ocrx_word' id='word_1_39' title='bbox 559 855 614 937; x_wconf 88' lang='lat' dir='ltr'><strong>sit,</strong></span> <span class='ocrx_word' id='word_1_40' title='bbox 642 855 718 938; x_wconf 92' lang='lat' dir='ltr'><strong>quid</strong></span> <span class='ocrx_word' id='word_1_41' title='bbox 740 854 912 940; x_wconf 89' lang='lat' dir='ltr'><strong>Pompeius</strong></span> <span class='ocrx_word' id='word_1_42' title='bbox 935 876 1039 921; x_wconf 88' lang='lat' dir='ltr'><strong>susce·</strong></span> <span class='ocrx_word' id='word_1_43' title='bbox 1070 865 1071 870; x_wconf 77' lang='grc'>’</span> 
     </span>
     <span class='ocr_line' id='line_1_8' title="bbox 92 940 1040 1028; baseline 0.003 -23"><span class='ocrx_word' id='word_1_44' title='bbox 92 941 181 1026; x_wconf 88' lang='lat' dir='ltr'><strong>perit,</strong></span> <span class='ocrx_word' id='word_1_45' title='bbox 208 943 329 1026; x_wconf 88' lang='lat' dir='ltr'><strong>optime</strong></span> <span class='ocrx_word' id='word_1_46' title='bbox 357 963 395 1006; x_wconf 85' lang='lat' dir='ltr'><strong>ex</strong></span> <span class='ocrx_word' id='word_1_47' title='bbox 417 940 461 1006; x_wconf 90' lang='grc' dir='ltr'><strong>Μ.</strong></span> <span class='ocrx_word' id='word_1_48' title='bbox 482 940 644 1008; x_wconf 89' lang='lat' dir='ltr'><strong>Plaetorio</strong></span> <span class='ocrx_word' id='word_1_49' title='bbox 672 963 861 1028; x_wconf 79' lang='lat' dir='ltr'>cognosces,</span> <span class='ocrx_word' id='word_1_50' title='bbox 891 944 1040 1027; x_wconf 92' lang='lat' dir='ltr'><strong>quinon</strong></span> 
     </span>
     <span class='ocr_line' id='line_1_9' title="bbox 91 1029 1040 1116; baseline 0.003 -23"><span class='ocrx_word' id='word_1_51' title='bbox 91 1030 189 1094; x_wconf 88' lang='lat' dir='ltr'><strong>solum</strong></span> <span class='ocrx_word' id='word_1_52' title='bbox 211 1030 361 1095; x_wconf 74' lang='lat' dir='ltr'><strong>interfuit</strong></span> <span class='ocrx_word' id='word_1_53' title='bbox 382 1029 432 1094; x_wconf 87' lang='lat' dir='ltr'><strong>his</strong></span> <span class='ocrx_word' id='word_1_54' title='bbox 456 1030 561 1114; x_wconf 88' lang='lat' dir='ltr'><strong>rebus,</strong></span> <span class='ocrx_word' id='word_1_55' title='bbox 584 1031 639 1095; x_wconf 88' lang='lat' dir='ltr'><strong>sed</strong></span> <span class='ocrx_word' id='word_1_56' title='bbox 662 1031 761 1095; x_wconf 87' lang='lat' dir='ltr'><strong>etiam</strong></span> <span class='ocrx_word' id='word_1_57' title='bbox 777 1031 919 1116; x_wconf 78' lang='lat' dir='ltr'><strong>praefuit</strong></span> <span class='ocrx_word' id='word_1_58' title='bbox 936 1053 1040 1116; x_wconf 88' lang='lat' dir='ltr'><strong>neque</strong></span> 
     </span>
     <span class='ocr_line' id='line_1_10' title="bbox 91 1118 1040 1203; baseline 0.001 -21"><span class='ocrx_word' id='word_1_59' title='bbox 91 1119 185 1182; x_wconf 88' lang='lat' dir='ltr'><strong>ullum</strong></span> <span class='ocrx_word' id='word_1_60' title='bbox 208 1118 351 1184; x_wconf 89' lang='lat' dir='ltr'><strong>officium</strong></span> <span class='ocrx_word' id='word_1_61' title='bbox 379 1138 458 1203; x_wconf 83' lang='lat' dir='ltr'><strong>erga</strong></span> <span class='ocrx_word' id='word_1_62' title='bbox 483 1121 515 1182; x_wconf 90' lang='lat' dir='ltr'><strong>te</strong></span> <span class='ocrx_word' id='word_1_63' title='bbox 542 1118 683 1184; x_wconf 90' lang='lat' dir='ltr'><strong>hominis</strong></span> <span class='ocrx_word' id='word_1_64' title='bbox 713 1119 939 1202; x_wconf 88' lang='lat' dir='ltr'><strong>amantissimi,</strong></span> <span class='ocrx_word' id='word_1_65' title='bbox 966 1141 1040 1203; x_wconf 88' lang='lat' dir='ltr'><strong>pru·</strong></span> 
     </span>
     <span class='ocr_line' id='line_1_11' title="bbox 90 1206 1039 1300; baseline 0.003 -32"><span class='ocrx_word' id='word_1_66' title='bbox 90 1206 277 1290; x_wconf 88' lang='lat' dir='ltr'><strong>dentissimi,</strong></span> <span class='ocrx_word' id='word_1_67' title='bbox 308 1206 547 1291; x_wconf 82' lang='lat' dir='ltr'><strong>diligentissimi</strong></span> <span class='ocrx_word' id='word_1_68' title='bbox 573 1207 796 1292; x_wconf 84' lang='lat' dir='ltr'><strong>praetermisit.</strong></span> <span class='ocrx_word' id='word_1_69' title='bbox 846 1206 897 1300; x_wconf 67' lang='lat' dir='ltr'><strong>En</strong></span> <span class='ocrx_word' id='word_1_70' title='bbox 928 1207 1039 1273; x_wconf 89' lang='lat' dir='ltr'><strong>eodem</strong></span> 
     </span>
     <span class='ocr_line' id='line_1_12' title="bbox 89 1294 1040 1381; baseline 0.002 -23"><span class='ocrx_word' id='word_1_71' title='bbox 89 1294 124 1358; x_wconf 90' lang='lat' dir='ltr'><strong>de</strong></span> <span class='ocrx_word' id='word_1_72' title='bbox 146 1298 217 1360; x_wconf 91' lang='lat' dir='ltr'><strong>toto</strong></span> <span class='ocrx_word' id='word_1_73' title='bbox 245 1297 333 1358; x_wconf 86' lang='lat' dir='ltr'><strong>statu</strong></span> <span class='ocrx_word' id='word_1_74' title='bbox 360 1316 469 1358; x_wconf 91' lang='lat' dir='ltr'><strong>rerum</strong></span> <span class='ocrx_word' id='word_1_75' title='bbox 496 1296 714 1360; x_wconf 89' lang='lat' dir='ltr'><strong>communium</strong></span> <span class='ocrx_word' id='word_1_76' title='bbox 741 1316 929 1381; x_wconf 59' lang='lat' dir='ltr'><strong>cognoscem</strong></span> <span class='ocrx_word' id='word_1_77' title='bbox 959 1317 1040 1379; x_wconf 88' lang='lat' dir='ltr'><strong>quae</strong></span> 
     </span>
    </p>
   </div>
   <div class='ocr_carea' id='block_1_7' title="bbox 14 1382 1041 1470">
    <p class='ocr_par' dir='ltr' id='par_1_7' title="bbox 14 1382 1041 1470">
     <span class='ocr_line' id='line_1_13' title="bbox 14 1382 1041 1470; baseline 0.001 -23"><span class='ocrx_word' id='word_1_78' title='bbox 14 1453 15 1470; x_wconf 11' lang='grc' dir='ltr'>ἶ</span> <span class='ocrx_word' id='word_1_79' title='bbox 89 1384 194 1466; x_wconf 81' lang='lat' dir='ltr'><strong>quales</strong></span> <span class='ocrx_word' id='word_1_80' title='bbox 223 1384 302 1466; x_wconf 84' lang='lat' dir='ltr'><strong>sint,</strong></span> <span class='ocrx_word' id='word_1_81' title='bbox 329 1404 398 1448; x_wconf 92' lang='lat' dir='ltr'><strong>non</strong></span> <span class='ocrx_word' id='word_1_82' title='bbox 423 1382 518 1448; x_wconf 86' lang='lat' dir='ltr'><strong>facile</strong></span> <span class='ocrx_word' id='word_1_83' title='bbox 546 1387 597 1448; x_wconf 88' lang='lat' dir='ltr'><strong>est</strong></span> <span class='ocrx_word' id='word_1_84' title='bbox 623 1385 774 1448; x_wconf 83' lang='lat' dir='ltr'><strong>scribere:</strong></span> <span class='ocrx_word' id='word_1_85' title='bbox 807 1387 883 1449; x_wconf 88' lang='lat' dir='ltr'><strong>sunt</strong></span> <span class='ocrx_word' id='word_1_86' title='bbox 912 1384 1041 1467; x_wconf 89' lang='lat' dir='ltr'><strong>quidem</strong></span> 
     </span>
    </p>
   </div>
   <div class='ocr_carea' id='block_1_8' title="bbox 88 1471 1075 2084">
    <p class='ocr_par' dir='ltr' id='par_1_8' title="bbox 88 1471 1075 2084">
     <span class='ocr_line' id='line_1_14' title="bbox 89 1471 1041 1556; baseline 0 -21"><span class='ocrx_word' id='word_1_87' title='bbox 89 1474 169 1535; x_wconf 87' lang='lat' dir='ltr'><strong>certe</strong></span> <span class='ocrx_word' id='word_1_88' title='bbox 191 1472 228 1535; x_wconf 91' lang='lat' dir='ltr'><strong>in</strong></span> <span class='ocrx_word' id='word_1_89' title='bbox 250 1471 427 1536; x_wconf 88' lang='lat' dir='ltr'><strong>amicorum</strong></span> <span class='ocrx_word' id='word_1_90' title='bbox 450 1475 635 1536; x_wconf 88' lang='lat' dir='ltr'><strong>nostrorum</strong></span> <span class='ocrx_word' id='word_1_91' title='bbox 661 1475 836 1556; x_wconf 81' lang='lat' dir='ltr'><strong>potestate,</strong></span> <span class='ocrx_word' id='word_1_92' title='bbox 863 1475 958 1556; x_wconf 87' lang='lat' dir='ltr'><strong>atque</strong></span> <span class='ocrx_word' id='word_1_93' title='bbox 986 1472 1041 1556; x_wconf 88' lang='lat' dir='ltr'><strong>ita,</strong></span> 
     </span>
     <span class='ocr_line' id='line_1_15' title="bbox 88 1559 1041 1644; baseline 0.002 -22"><span class='ocrx_word' id='word_1_94' title='bbox 88 1563 122 1622; x_wconf 89' lang='lat' dir='ltr'><strong>ut</strong></span> <span class='ocrx_word' id='word_1_95' title='bbox 134 1560 259 1624; x_wconf 88' lang='lat' dir='ltr'><strong>nullam</strong></span> <span class='ocrx_word' id='word_1_96' title='bbox 272 1559 485 1624; x_wconf 82' lang='lat' dir='ltr'><strong>mutationem</strong></span> <span class='ocrx_word' id='word_1_97' title='bbox 503 1581 656 1644; x_wconf 88' lang='lat' dir='ltr'><strong>umquam</strong></span> <span class='ocrx_word' id='word_1_98' title='bbox 674 1560 736 1624; x_wconf 90' lang='lat' dir='ltr'><strong>hac</strong></span> <span class='ocrx_word' id='word_1_99' title='bbox 754 1559 922 1624; x_wconf 88' lang='lat' dir='ltr'><strong>hominum</strong></span> <span class='ocrx_word' id='word_1_100' title='bbox 936 1563 1041 1624; x_wconf 88' lang='lat' dir='ltr'><strong>aetate</strong></span> 
     </span>
     <span class='ocr_line' id='line_1_16' title="bbox 89 1647 1075 1733; baseline 0.006 -23"><span class='ocrx_word' id='word_1_101' title='bbox 89 1647 237 1712; x_wconf 83' lang='lat' dir='ltr'><strong>habitura</strong></span> <span class='ocrx_word' id='word_1_102' title='bbox 258 1668 310 1712; x_wconf 88' lang='lat' dir='ltr'><strong>res</strong></span> <span class='ocrx_word' id='word_1_103' title='bbox 333 1667 403 1712; x_wconf 85' lang='lat' dir='ltr'><strong>esse</strong></span> <span class='ocrx_word' id='word_1_104' title='bbox 425 1647 580 1712; x_wconf 81' lang='lat' dir='ltr'><strong>videatur.</strong></span> <span class='ocrx_word' id='word_1_105' title='bbox 625 1647 698 1733; x_wconf 82' lang='lat' dir='ltr'><strong>Ego</strong></span> <span class='ocrx_word' id='word_1_106' title='bbox 722 1649 859 1733; x_wconf 86' lang='lat' dir='ltr'><strong>quidem,</strong></span> <span class='ocrx_word' id='word_1_107' title='bbox 880 1652 918 1713; x_wconf 93' lang='lat' dir='ltr'><strong>ut</strong></span> <span class='ocrx_word' id='word_1_108' title='bbox 940 1648 1075 1716; x_wconf 76' lang='lat' dir='ltr'><strong>debeor</strong></span> 
     </span>
     <span class='ocr_line' id='line_1_17' title="bbox 89 1734 1041 1821; baseline 0 -22"><span class='ocrx_word' id='word_1_109' title='bbox 89 1741 119 1799; x_wconf 92' lang='lat' dir='ltr'><strong>et</strong></span> <span class='ocrx_word' id='word_1_110' title='bbox 144 1739 181 1800; x_wconf 90' lang='lat' dir='ltr'><strong>ut</strong></span> <span class='ocrx_word' id='word_1_111' title='bbox 207 1739 278 1800; x_wconf 89' lang='lat' dir='ltr'><strong>tute</strong></span> <span class='ocrx_word' id='word_1_112' title='bbox 304 1734 384 1799; x_wconf 90' lang='lat' dir='ltr'><strong>mihi</strong></span> <span class='ocrx_word' id='word_1_113' title='bbox 411 1736 603 1820; x_wconf 84' lang='lat' dir='ltr'><strong>praecepisti</strong></span> <span class='ocrx_word' id='word_1_114' title='bbox 630 1740 663 1800; x_wconf 91' lang='lat' dir='ltr'><strong>et</strong></span> <span class='ocrx_word' id='word_1_115' title='bbox 684 1739 721 1801; x_wconf 88' lang='lat' dir='ltr'><strong>ut</strong></span> <span class='ocrx_word' id='word_1_116' title='bbox 748 1759 798 1800; x_wconf 91' lang='lat' dir='ltr'><strong>me</strong></span> <span class='ocrx_word' id='word_1_117' title='bbox 826 1738 929 1821; x_wconf 83' lang='lat' dir='ltr'><strong>pietas</strong></span> <span class='ocrx_word' id='word_1_118' title='bbox 956 1737 1041 1800; x_wconf 89' lang='lat' dir='ltr'><strong>utili·</strong></span> 
     </span>
     <span class='ocr_line' id='line_1_18' title="bbox 89 1823 1042 1911; baseline 0.003 -24"><span class='ocrx_word' id='word_1_119' title='bbox 89 1829 198 1908; x_wconf 82' lang='lat' dir='ltr'><strong>tasque</strong></span> <span class='ocrx_word' id='word_1_120' title='bbox 222 1824 319 1908; x_wconf 81' lang='lat' dir='ltr'><strong>cogit,</strong></span> <span class='ocrx_word' id='word_1_121' title='bbox 341 1845 393 1888; x_wconf 87' lang='lat' dir='ltr'><strong>me</strong></span> <span class='ocrx_word' id='word_1_122' title='bbox 412 1823 453 1887; x_wconf 90' lang='lat' dir='ltr'><strong>ad</strong></span> <span class='ocrx_word' id='word_1_123' title='bbox 471 1825 539 1889; x_wconf 90' lang='lat' dir='ltr'><strong>eius</strong></span> <span class='ocrx_word' id='word_1_124' title='bbox 557 1825 699 1890; x_wconf 87' lang='lat' dir='ltr'><strong>rationes</strong></span> <span class='ocrx_word' id='word_1_125' title='bbox 718 1824 869 1911; x_wconf 78' lang='lat' dir='ltr'><strong>adiungo,</strong></span> <span class='ocrx_word' id='word_1_126' title='bbox 892 1846 987 1908; x_wconf 89' lang='lat' dir='ltr'><strong>quem</strong></span> <span class='ocrx_word' id='word_1_127' title='bbox 1005 1828 1042 1890; x_wconf 85' lang='lat' dir='ltr'><strong>tu</strong></span> 
     </span>
     <span class='ocr_line' id='line_1_19' title="bbox 92 1912 1042 1998; baseline 0.001 -23"><span class='ocrx_word' id='word_1_128' title='bbox 92 1912 223 1977; x_wconf 85' lang='lat' dir='ltr'><strong>inmeis</strong></span> <span class='ocrx_word' id='word_1_129' title='bbox 245 1912 427 1976; x_wconf 88' lang='lat' dir='ltr'><strong>rationibus</strong></span> <span class='ocrx_word' id='word_1_130' title='bbox 454 1913 515 1976; x_wconf 90' lang='lat' dir='ltr'><strong>tibi</strong></span> <span class='ocrx_word' id='word_1_131' title='bbox 541 1933 610 1978; x_wconf 86' lang='lat' dir='ltr'><strong>esse</strong></span> <span class='ocrx_word' id='word_1_132' title='bbox 638 1913 878 1998; x_wconf 82' lang='lat' dir='ltr'><strong>adiungendum</strong></span> <span class='ocrx_word' id='word_1_133' title='bbox 906 1914 1042 1997; x_wconf 83' lang='lat' dir='ltr'><strong>putasti3</strong></span> 
     </span>
     <span class='ocr_line' id='line_1_20' title="bbox 92 2001 1042 2084; baseline 0.001 -20"><span class='ocrx_word' id='word_1_134' title='bbox 92 2001 142 2064; x_wconf 87' lang='lat' dir='ltr'><strong>sed</strong></span> <span class='ocrx_word' id='word_1_135' title='bbox 162 2004 196 2065; x_wconf 90' lang='lat' dir='ltr'><strong>te</strong></span> <span class='ocrx_word' id='word_1_136' title='bbox 220 2021 289 2065; x_wconf 91' lang='lat' dir='ltr'><strong>non</strong></span> <span class='ocrx_word' id='word_1_137' title='bbox 311 2001 478 2084; x_wconf 87' lang='lat' dir='ltr'><strong>praeterit,</strong></span> <span class='ocrx_word' id='word_1_138' title='bbox 505 2022 602 2084; x_wconf 89' lang='lat' dir='ltr'><strong>quam</strong></span> <span class='ocrx_word' id='word_1_139' title='bbox 629 2002 672 2065; x_wconf 86' lang='lat' dir='ltr'><strong>sit</strong></span> <span class='ocrx_word' id='word_1_140' title='bbox 699 2001 828 2065; x_wconf 87' lang='lat' dir='ltr'><strong>difficile</strong></span> <span class='ocrx_word' id='word_1_141' title='bbox 856 2022 985 2066; x_wconf 87' lang='lat' dir='ltr'><strong>sensum</strong></span> <span class='ocrx_word' id='word_1_142' title='bbox 1007 2002 1042 2065; x_wconf 91' lang='lat' dir='ltr'><strong>in</strong></span> 
     </span>
    </p>
   </div>
   <div class='ocr_carea' id='block_1_9' title="bbox 69 2088 1042 2173">
    <p class='ocr_par' dir='ltr' id='par_1_9' title="bbox 69 2088 1042 2173">
     <span class='ocr_line' id='line_1_21' title="bbox 69 2088 1042 2173; baseline 0.002 -23"><span class='ocrx_word' id='word_1_143' title='bbox 69 2105 121 2151; x_wconf 82' lang='lat' dir='ltr'><strong>&#39;re</strong></span> <span class='ocrx_word' id='word_1_144' title='bbox 143 2089 287 2173; x_wconf 87' lang='lat' dir='ltr'><strong>publica,</strong></span> <span class='ocrx_word' id='word_1_145' title='bbox 314 2089 504 2173; x_wconf 87' lang='lat' dir='ltr'><strong>praesertim</strong></span> <span class='ocrx_word' id='word_1_146' title='bbox 525 2091 648 2152; x_wconf 88' lang='lat' dir='ltr'><strong>rectum</strong></span> <span class='ocrx_word' id='word_1_147' title='bbox 671 2092 704 2154; x_wconf 90' lang='lat' dir='ltr'><strong>et</strong></span> <span class='ocrx_word' id='word_1_148' title='bbox 726 2089 963 2172; x_wconf 86' lang='lat' dir='ltr'><strong>confirmatum,</strong></span> <span class='ocrx_word' id='word_1_149' title='bbox 990 2088 1042 2152; x_wconf 89' lang='lat' dir='ltr'><strong>de-</strong></span> 
     </span>
    </p>
   </div>
   <div class='ocr_carea' id='block_1_10' title="bbox 93 2175 1079 2968">
    <p class='ocr_par' dir='ltr' id='par_1_10' title="bbox 93 2175 1079 2968">
     <span class='ocr_line' id='line_1_22' title="bbox 93 2175 1044 2261; baseline -0.001 -20"><span class='ocrx_word' id='word_1_150' title='bbox 93 2198 216 2259; x_wconf 86' lang='lat' dir='ltr'><strong>ponere.</strong></span> <span class='ocrx_word' id='word_1_151' title='bbox 262 2175 498 2242; x_wconf 84' lang='lat' dir='ltr'><strong>Verumtamen</strong></span> <span class='ocrx_word' id='word_1_152' title='bbox 529 2177 598 2261; x_wconf 88' lang='lat' dir='ltr'><strong>ipse</strong></span> <span class='ocrx_word' id='word_1_153' title='bbox 628 2199 679 2242; x_wconf 93' lang='lat' dir='ltr'><strong>me</strong></span> <span class='ocrx_word' id='word_1_154' title='bbox 712 2177 878 2243; x_wconf 89' lang='lat' dir='ltr'><strong>conformo</strong></span> <span class='ocrx_word' id='word_1_155' title='bbox 907 2175 1044 2240; x_wconf 84' lang='lat' dir='ltr'><strong>adeius</strong></span> 
     </span>
     <span class='ocr_line' id='line_1_23' title="bbox 93 2264 1044 2349; baseline -0.001 -21"><span class='ocrx_word' id='word_1_156' title='bbox 93 2266 303 2348; x_wconf 86' lang='lat' dir='ltr'><strong>voluntatem,</strong></span> <span class='ocrx_word' id='word_1_157' title='bbox 328 2285 350 2329; x_wconf 87' lang='lat' dir='ltr'><strong>u</strong></span> <span class='ocrx_word' id='word_1_158' title='bbox 373 2285 436 2348; x_wconf 90' lang='lat' dir='ltr'><strong>quo</strong></span> <span class='ocrx_word' id='word_1_159' title='bbox 459 2265 595 2344; x_wconf 84' lang='lat' dir='ltr'><strong>honeste</strong></span> <span class='ocrx_word' id='word_1_160' title='bbox 618 2264 785 2331; x_wconf 89' lang='lat' dir='ltr'><strong>dissentire</strong></span> <span class='ocrx_word' id='word_1_161' title='bbox 813 2285 880 2330; x_wconf 93' lang='lat' dir='ltr'><strong>non</strong></span> <span class='ocrx_word' id='word_1_162' title='bbox 903 2286 1044 2349; x_wconf 90' lang='lat' dir='ltr'><strong>possum,</strong></span> 
     </span>
     <span class='ocr_line' id='line_1_24' title="bbox 93 2352 1043 2437; baseline 0.002 -22"><span class='ocrx_word' id='word_1_163' title='bbox 93 2373 191 2436; x_wconf 87' lang='lat' dir='ltr'><strong>neque</strong></span> <span class='ocrx_word' id='word_1_164' title='bbox 214 2352 247 2417; x_wconf 92' lang='lat' dir='ltr'><strong>id</strong></span> <span class='ocrx_word' id='word_1_165' title='bbox 271 2352 364 2436; x_wconf 88' lang='lat' dir='ltr'><strong>facio,</strong></span> <span class='ocrx_word' id='word_1_166' title='bbox 386 2356 424 2416; x_wconf 95' lang='lat' dir='ltr'><strong>ut</strong></span> <span class='ocrx_word' id='word_1_167' title='bbox 441 2353 580 2419; x_wconf 84' lang='lat' dir='ltr'><strong>forsitan</strong></span> <span class='ocrx_word' id='word_1_168' title='bbox 598 2353 788 2437; x_wconf 91' lang='lat' dir='ltr'><strong>quibusdam</strong></span> <span class='ocrx_word' id='word_1_169' title='bbox 807 2353 924 2437; x_wconf 83' lang='lat' dir='ltr'><strong>videar,</strong></span> <span class='ocrx_word' id='word_1_170' title='bbox 948 2354 1043 2418; x_wconf 90' lang='lat' dir='ltr'><strong>simu·</strong></span> 
     </span>
     <span class='ocr_line' id='line_1_25' title="bbox 94 2441 1043 2525; baseline 0.002 -22"><span class='ocrx_word' id='word_1_171' title='bbox 94 2441 223 2525; x_wconf 87' lang='lat' dir='ltr'><strong>latione,</strong></span> <span class='ocrx_word' id='word_1_172' title='bbox 249 2443 379 2505; x_wconf 88' lang='lat' dir='ltr'><strong>tantum</strong></span> <span class='ocrx_word' id='word_1_173' title='bbox 401 2441 488 2505; x_wconf 88' lang='lat' dir='ltr'><strong>enirn</strong></span> <span class='ocrx_word' id='word_1_174' title='bbox 515 2441 615 2505; x_wconf 87' lang='lat' dir='ltr'><strong>animi</strong></span> <span class='ocrx_word' id='word_1_175' title='bbox 636 2441 780 2506; x_wconf 78' lang='lat' dir='ltr'><strong>inductio</strong></span> <span class='ocrx_word' id='word_1_176' title='bbox 808 2445 841 2506; x_wconf 92' lang='lat' dir='ltr'><strong>et</strong></span> <span class='ocrx_word' id='word_1_177' title='bbox 862 2441 1043 2506; x_wconf 81' lang='lat' dir='ltr'><strong>mehercule</strong></span> 
     </span>
     <span class='ocr_line' id='line_1_26' title="bbox 95 2527 1044 2614; baseline 0.001 -23"><span class='ocrx_word' id='word_1_178' title='bbox 95 2550 179 2594; x_wconf 88' lang='lat' dir='ltr'><strong>amor</strong></span> <span class='ocrx_word' id='word_1_179' title='bbox 201 2549 281 2614; x_wconf 83' lang='lat' dir='ltr'><strong>erga</strong></span> <span class='ocrx_word' id='word_1_180' title='bbox 301 2527 491 2613; x_wconf 91' lang='lat' dir='ltr'><strong>Pompeium</strong></span> <span class='ocrx_word' id='word_1_181' title='bbox 514 2529 599 2613; x_wconf 91' lang='lat' dir='ltr'><strong>apud</strong></span> <span class='ocrx_word' id='word_1_182' title='bbox 621 2551 672 2594; x_wconf 88' lang='lat' dir='ltr'><strong>me</strong></span> <span class='ocrx_word' id='word_1_183' title='bbox 695 2531 793 2614; x_wconf 83' lang='lat' dir='ltr'><strong>valet,</strong></span> <span class='ocrx_word' id='word_1_184' title='bbox 817 2533 865 2614; x_wconf 90' lang='lat' dir='ltr'><strong>ut,</strong></span> <span class='ocrx_word' id='word_1_185' title='bbox 892 2551 975 2614; x_wconf 89' lang='lat' dir='ltr'><strong>quae</strong></span> <span class='ocrx_word' id='word_1_186' title='bbox 997 2530 1044 2593; x_wconf 93' lang='lat' dir='ltr'><strong>illi</strong></span> 
     </span>
     <span class='ocr_line' id='line_1_27' title="bbox 95 2617 1045 2702; baseline 0.001 -22"><span class='ocrx_word' id='word_1_187' title='bbox 95 2617 182 2682; x_wconf 88' lang='lat' dir='ltr'><strong>utilia</strong></span> <span class='ocrx_word' id='word_1_188' title='bbox 204 2621 282 2682; x_wconf 89' lang='lat' dir='ltr'><strong>sunt</strong></span> <span class='ocrx_word' id='word_1_189' title='bbox 304 2621 337 2681; x_wconf 91' lang='lat' dir='ltr'><strong>et</strong></span> <span class='ocrx_word' id='word_1_190' title='bbox 359 2637 440 2701; x_wconf 88' lang='lat' dir='ltr'><strong>quae</strong></span> <span class='ocrx_word' id='word_1_191' title='bbox 463 2617 517 2682; x_wconf 88' lang='lat' dir='ltr'><strong>ille</strong></span> <span class='ocrx_word' id='word_1_192' title='bbox 540 2618 618 2702; x_wconf 86' lang='lat' dir='ltr'><strong>vult,</strong></span> <span class='ocrx_word' id='word_1_193' title='bbox 640 2639 679 2682; x_wconf 88' lang='lat' dir='ltr'><strong>ea</strong></span> <span class='ocrx_word' id='word_1_194' title='bbox 696 2618 775 2682; x_wconf 92' lang='lat' dir='ltr'><strong>mihi</strong></span> <span class='ocrx_word' id='word_1_195' title='bbox 794 2618 902 2683; x_wconf 87' lang='lat' dir='ltr'><strong>omnia</strong></span> <span class='ocrx_word' id='word_1_196' title='bbox 924 2619 988 2681; x_wconf 88' lang='lat' dir='ltr'><strong>iam</strong></span> <span class='ocrx_word' id='word_1_197' title='bbox 1012 2622 1045 2682; x_wconf 91' lang='lat' dir='ltr'><strong>et</strong></span> 
     </span>
     <span class='ocr_line' id='line_1_28' title="bbox 96 2705 1044 2791; baseline 0 -22"><span class='ocrx_word' id='word_1_198' title='bbox 96 2710 177 2770; x_wconf 83' lang='lat' dir='ltr'><strong>recta</strong></span> <span class='ocrx_word' id='word_1_199' title='bbox 209 2710 242 2769; x_wconf 88' lang='lat' dir='ltr'><strong>et</strong></span> <span class='ocrx_word' id='word_1_200' title='bbox 271 2727 347 2770; x_wconf 85' lang='lat' dir='ltr'><strong>vera</strong></span> <span class='ocrx_word' id='word_1_201' title='bbox 378 2705 560 2790; x_wconf 81' lang='lat' dir='ltr'><strong>videantur,</strong></span> <span class='ocrx_word' id='word_1_202' title='bbox 591 2727 709 2790; x_wconf 85' lang='lat' dir='ltr'><strong>neque,</strong></span> <span class='ocrx_word' id='word_1_203' title='bbox 741 2709 777 2770; x_wconf 93' lang='lat' dir='ltr'><strong>ut</strong></span> <span class='ocrx_word' id='word_1_204' title='bbox 809 2726 869 2791; x_wconf 80' lang='lat' dir='ltr'><strong>ego</strong></span> <span class='ocrx_word' id='word_1_205' title='bbox 898 2705 1044 2790; x_wconf 87' lang='lat' dir='ltr'><strong>arbitror,</strong></span> 
     </span>
     <span class='ocr_line' id='line_1_29' title="bbox 96 2794 1043 2878; baseline 0 -20"><span class='ocrx_word' id='word_1_206' title='bbox 96 2796 236 2858; x_wconf 86' lang='lat' dir='ltr'><strong>errarent</strong></span> <span class='ocrx_word' id='word_1_207' title='bbox 258 2815 299 2858; x_wconf 93' lang='lat' dir='ltr'><strong>ne</strong></span> <span class='ocrx_word' id='word_1_208' title='bbox 323 2794 496 2858; x_wconf 85' lang='lat' dir='ltr'><strong>adversarii</strong></span> <span class='ocrx_word' id='word_1_209' title='bbox 520 2795 648 2878; x_wconf 89' lang='lat' dir='ltr'><strong>quidem</strong></span> <span class='ocrx_word' id='word_1_210' title='bbox 671 2794 747 2878; x_wconf 91' lang='lat' dir='ltr'><strong>eius,</strong></span> <span class='ocrx_word' id='word_1_211' title='bbox 770 2794 806 2878; x_wconf 91' lang='lat' dir='ltr'><strong>si,</strong></span> <span class='ocrx_word' id='word_1_212' title='bbox 829 2816 928 2878; x_wconf 89' lang='lat' dir='ltr'><strong>quum</strong></span> <span class='ocrx_word' id='word_1_213' title='bbox 950 2815 1043 2878; x_wconf 86' lang='lat' dir='ltr'><strong>pares</strong></span> 
     </span>
     <span class='ocr_line' id='line_1_30' title="bbox 96 2881 1079 2968; baseline 0.006 -22"><span class='ocrx_word' id='word_1_214' title='bbox 96 2903 160 2947; x_wconf 86' lang='lat' dir='ltr'><strong>esse</strong></span> <span class='ocrx_word' id='word_1_215' title='bbox 181 2903 249 2948; x_wconf 91' lang='lat' dir='ltr'><strong>non</strong></span> <span class='ocrx_word' id='word_1_216' title='bbox 272 2886 416 2967; x_wconf 88' lang='lat' dir='ltr'><strong>possent,</strong></span> <span class='ocrx_word' id='word_1_217' title='bbox 437 2902 582 2968; x_wconf 80' lang='lat' dir='ltr'><strong>pugnare</strong></span> <span class='ocrx_word' id='word_1_218' title='bbox 606 2881 805 2946; x_wconf 86' lang='lat' dir='ltr'><strong>desisterent.</strong></span> <span class='ocrx_word' id='word_1_219' title='bbox 840 2881 893 2947; x_wconf 84' lang='lat' dir='ltr'><strong>Me</strong></span> <span class='ocrx_word' id='word_1_220' title='bbox 916 2883 1079 2966; x_wconf 78' lang='lat' dir='ltr'><strong>quideme</strong></span> 
     </span>
    </p>
   </div>
   <div class='ocr_carea' id='block_1_11' title="bbox 14 2970 1044 3055">
    <p class='ocr_par' dir='ltr' id='par_1_11' title="bbox 14 2970 1044 3055">
     <span class='ocr_line' id='line_1_31' title="bbox 14 2970 1044 3055; baseline -0.001 -20"><span class='ocrx_word' id='word_1_221' title='bbox 14 2983 15 2988; x_wconf 76' lang='grc'>’</span> <span class='ocrx_word' id='word_1_222' title='bbox 96 2972 188 3035; x_wconf 89' lang='lat' dir='ltr'><strong>etiam</strong></span> <span class='ocrx_word' id='word_1_223' title='bbox 209 2971 267 3035; x_wconf 86' lang='lat' dir='ltr'><strong>iila</strong></span> <span class='ocrx_word' id='word_1_224' title='bbox 289 2991 341 3035; x_wconf 89' lang='lat' dir='ltr'><strong>res</strong></span> <span class='ocrx_word' id='word_1_225' title='bbox 364 2971 557 3054; x_wconf 85' lang='lat' dir='ltr'><strong>consolatur,</strong></span> <span class='ocrx_word' id='word_1_226' title='bbox 580 2970 666 3054; x_wconf 76' lang='lat' dir='ltr'><strong>quod</strong></span> <span class='ocrx_word' id='word_1_227' title='bbox 688 2991 748 3055; x_wconf 86' lang='lat' dir='ltr'><strong>ego</strong></span> <span class='ocrx_word' id='word_1_228' title='bbox 771 2971 799 3035; x_wconf 90' lang='lat' dir='ltr'><strong>is</strong></span> <span class='ocrx_word' id='word_1_229' title='bbox 823 2991 902 3054; x_wconf 91' lang='lat' dir='ltr'><strong>sum,</strong></span> <span class='ocrx_word' id='word_1_230' title='bbox 925 2972 976 3036; x_wconf 93' lang='lat' dir='ltr'><strong>oui</strong></span> <span class='ocrx_word' id='word_1_231' title='bbox 994 2971 1044 3034; x_wconf 87' lang='lat' dir='ltr'><strong>vel</strong></span> 
     </span>
    </p>
   </div>
   <div class='ocr_carea' id='block_1_12' title="bbox 95 3058 1045 3408">
    <p class='ocr_par' dir='ltr' id='par_1_12' title="bbox 95 3058 1045 3408">
     <span class='ocr_line' id='line_1_32' title="bbox 97 3058 1044 3142; baseline -0.003 -19"><span class='ocrx_word' id='word_1_232' title='bbox 97 3060 227 3124; x_wconf 83' lang='lat' dir='ltr'><strong>maxime</strong></span> <span class='ocrx_word' id='word_1_233' title='bbox 245 3059 426 3124; x_wconf 87' lang='lat' dir='ltr'><strong>concedant</strong></span> <span class='ocrx_word' id='word_1_234' title='bbox 443 3079 564 3142; x_wconf 87' lang='lat' dir='ltr'><strong>omnes,</strong></span> <span class='ocrx_word' id='word_1_235' title='bbox 585 3062 623 3122; x_wconf 89' lang='lat' dir='ltr'><strong>ut</strong></span> <span class='ocrx_word' id='word_1_236' title='bbox 641 3059 692 3122; x_wconf 86' lang='lat' dir='ltr'><strong>vel</strong></span> <span class='ocrx_word' id='word_1_237' title='bbox 710 3079 748 3122; x_wconf 90' lang='lat' dir='ltr'><strong>ea</strong></span> <span class='ocrx_word' id='word_1_238' title='bbox 766 3058 944 3142; x_wconf 85' lang='lat' dir='ltr'><strong>defendam,</strong></span> <span class='ocrx_word' id='word_1_239' title='bbox 963 3079 1044 3140; x_wconf 90' lang='lat' dir='ltr'><strong>quae</strong></span> 
     </span>
     <span class='ocr_line' id='line_1_33' title="bbox 96 3142 1045 3232; baseline -0.006 -20"><span class='ocrx_word' id='word_1_240' title='bbox 96 3147 261 3232; x_wconf 88' lang='lat' dir='ltr'><strong>Pompeius</strong></span> <span class='ocrx_word' id='word_1_241' title='bbox 283 3147 371 3232; x_wconf 82' lang='lat' dir='ltr'><strong>velit,</strong></span> <span class='ocrx_word' id='word_1_242' title='bbox 393 3147 444 3212; x_wconf 85' lang='lat' dir='ltr'><strong>vel</strong></span> <span class='ocrx_word' id='word_1_243' title='bbox 466 3150 591 3211; x_wconf 83' lang='lat' dir='ltr'><strong>taceam</strong></span> <span class='ocrx_word' id='word_1_244' title='bbox 612 3147 664 3211; x_wconf 81' lang='lat' dir='ltr'><strong>val</strong></span> <span class='ocrx_word' id='word_1_245' title='bbox 683 3146 788 3230; x_wconf 89' lang='lat' dir='ltr'><strong>etiam,</strong></span> <span class='ocrx_word' id='word_1_246' title='bbox 810 3147 844 3210; x_wconf 91' lang='lat' dir='ltr'><strong>id</strong></span> <span class='ocrx_word' id='word_1_247' title='bbox 862 3147 947 3230; x_wconf 90' lang='lat' dir='ltr'><strong>quod</strong></span> <span class='ocrx_word' id='word_1_248' title='bbox 966 3142 1045 3207; x_wconf 87' lang='lat' dir='ltr'><strong>mihi</strong></span> 
     </span>
     <span class='ocr_line' id='line_1_34' title="bbox 96 3233 1044 3320; baseline -0.007 -20"><span class='ocrx_word' id='word_1_249' title='bbox 96 3237 227 3300; x_wconf 84' lang='lat' dir='ltr'><strong>maxime</strong></span> <span class='ocrx_word' id='word_1_250' title='bbox 249 3236 338 3320; x_wconf 88' lang='lat' dir='ltr'><strong>libet,</strong></span> <span class='ocrx_word' id='word_1_251' title='bbox 360 3235 401 3299; x_wconf 90' lang='lat' dir='ltr'><strong>ad</strong></span> <span class='ocrx_word' id='word_1_252' title='bbox 423 3237 536 3300; x_wconf 87' lang='lat' dir='ltr'><strong>nostru</strong></span> <span class='ocrx_word' id='word_1_253' title='bbox 558 3256 608 3299; x_wconf 92' lang='lat' dir='ltr'><strong>me</strong></span> <span class='ocrx_word' id='word_1_254' title='bbox 632 3234 739 3299; x_wconf 85' lang='lat' dir='ltr'><strong>studia</strong></span> <span class='ocrx_word' id='word_1_255' title='bbox 765 3234 903 3300; x_wconf 86' lang='lat' dir='ltr'><strong>referam</strong></span> <span class='ocrx_word' id='word_1_256' title='bbox 924 3233 1044 3296; x_wconf 87' lang='lat' dir='ltr'><strong>littera·</strong></span> 
     </span>
     <span class='ocr_line' id='line_1_35' title="bbox 95 3317 1045 3408; baseline -0.008 -18"><span class='ocrx_word' id='word_1_257' title='bbox 95 3347 173 3390; x_wconf 87' lang='lat' dir='ltr'><strong>rum:</strong></span> <span class='ocrx_word' id='word_1_258' title='bbox 205 3324 292 3408; x_wconf 87' lang='lat' dir='ltr'><strong>quod</strong></span> <span class='ocrx_word' id='word_1_259' title='bbox 320 3323 467 3408; x_wconf 86' lang='lat' dir='ltr'><strong>profecto</strong></span> <span class='ocrx_word' id='word_1_260' title='bbox 493 3323 624 3408; x_wconf 89' lang='lat' dir='ltr'><strong>facicm,</strong></span> <span class='ocrx_word' id='word_1_261' title='bbox 656 3323 684 3387; x_wconf 91' lang='lat' dir='ltr'><strong>si</strong></span> <span class='ocrx_word' id='word_1_262' title='bbox 710 3322 790 3386; x_wconf 90' lang='lat' dir='ltr'><strong>mihi</strong></span> <span class='ocrx_word' id='word_1_263' title='bbox 820 3341 878 3405; x_wconf 91' lang='lat' dir='ltr'><strong>per</strong></span> <span class='ocrx_word' id='word_1_264' title='bbox 904 3317 1045 3384; x_wconf 90' lang='lat' dir='ltr'><strong>eiusdem</strong></span> 
     </span>
    </p>
   </div>
   <div class='ocr_carea' id='block_1_13' title="bbox 160 3514 573 3586">
    <p class='ocr_par' dir='ltr' id='par_1_13' title="bbox 160 3514 573 3586">
     <span class='ocr_line' id='line_1_36' title="bbox 160 3514 573 3586; baseline -0.002 -16"><span class='ocrx_word' id='word_1_265' title='bbox 160 3515 213 3586; x_wconf 83' lang='lat' dir='ltr'><strong>Ep.</strong></span> <span class='ocrx_word' id='word_1_266' title='bbox 232 3522 257 3586; x_wconf 84' lang='lat'><strong>8,</strong></span> <span class='ocrx_word' id='word_1_267' title='bbox 278 3523 300 3570; x_wconf 84' lang='grc' dir='ltr'><strong>ι.</strong></span> <span class='ocrx_word' id='word_1_268' title='bbox 337 3516 374 3571; x_wconf 81' lang='lat' dir='ltr'><strong>iis</strong></span> <span class='ocrx_word' id='word_1_269' title='bbox 391 3515 470 3571; x_wconf 82' lang='lat' dir='ltr'><strong>retus</strong></span> <span class='ocrx_word' id='word_1_270' title='bbox 489 3514 573 3585; x_wconf 54' lang='grc' dir='ltr'><strong>(ΨΜ</strong></span> 
     </span>
    </p>
   </div>
   <div class='ocr_carea' id='block_1_14' title="bbox 0 0 1301 3978">
    <p class='ocr_par' dir='ltr' id='par_1_14' title="bbox 0 0 1301 3978">
     <span class='ocr_line' id='line_1_37' title="bbox 0 0 1301 3978; baseline 0 0"><span class='ocrx_word' id='word_1_271' title='bbox 0 0 1301 3978; x_wconf 95' lang='lat' dir='ltr'><strong> </strong></span> 
     </span>
    </p>
   </div>
  </div>
 </body>
</html>
