2568 3980
194 257 258 322 160
474 257 512 312 M.
532 256 656 320 TULLII
673 255 865 311 CICERONIS

192 403 425 485 communibus,
448 423 487 466 ea
508 405 558 486 bu,
586 402 777 486 quicumque
805 404 908 466 slatus
937 406 986 467 osb
1012 403 1151 488 futurus,

157 503 173 552 5
193 512 300 556 carere
318 512 386 557 non
404 491 510 555 debes.
550 490 659 574 Atque
677 491 757 554 haee
774 491 854 554 mihi
873 491 1027 556 scribenti
1043 493 1154 556 venie·

192 581 250 644 bal
271 580 307 644 in
329 583 471 644 mentem
492 601 544 643 me
567 600 636 642 esse
660 600 747 663 eum,
774 579 864 644 euius
891 582 928 644 bu
956 579 1148 664 desperatio-

192 689 268 733 nem
291 689 440 732 aeeusare
464 668 578 732 solibus
601 686 687 732 esses
706 687 863 751 quemque
882 669 1075 733 auctoritate
1093 672 1150 733 tua

110 796 112 800 .
194 759 405 821 cunctantem.
423 759 456 821 el
479 755 679 821 diffidentem
707 756 845 820 exaitare
867 791 909 803 -
934 778 998 840 quo
1023 758 1151 841 quidem

193 849 338 929 tempore
364 866 433 910 non
460 865 521 930 ego
549 866 680 910 eausam
702 848 861 928 nostram,
892 845 947 909 sed
980 846 1151 910 eonsilium

193 933 431 1019 improbabam
454 953 525 998 sero
549 933 636 998 enim
658 953 718 998 nos
740 933 780 997 iis
803 933 901 997 armis
920 933 1083 998 adversari
1104 934 1151 998 vi-

194 1023 310 1088 dabam
316 1072 326 1107 ,
357 1043 440 1106 quae
471 1023 574 1087 multo
607 1025 683 1086 ante
714 1021 904 1086 confirmata
934 1043 992 1105 per
1022 1026 1152 1087 nosmet

193 1111 282 1195 ipsos
306 1114 412 1195 eranb,
439 1111 650 1195 dolebamque
676 1110 751 1194 pilis
774 1114 807 1174 eb
830 1111 958 1196 gladiis,
985 1131 1053 1175 non
1075 1132 1152 1175 oon·

195 1200 275 1264 siliis
301 1221 406 1284 neque
434 1199 681 1265 auctorisatibus
707 1199 828 1264 nostris
859 1199 899 1263 de
925 1199 995 1264 iure
1021 1199 1152 1282 publico

195 1288 381 1373 disceptari3
412 1310 516 1372 neque
548 1308 624 1373 ego,
651 1309 702 1371 ea,
734 1308 815 1371 quae
846 1288 934 1352 foeba
962 1291 1051 1371 sunt,
1081 1288 1153 1352 fore

196 1397 295 1460 quum
314 1376 472 1460 dicebam,
495 1376 679 1441 divinabam
696 1376 816 1461 ulma,
839 1375 904 1460 sed,
927 1376 1013 1461 quod
1032 1379 1065 1440 eb
1081 1375 1153 1440 fieri

196 1485 291 1549 posse
318 1469 352 1529 eb
378 1465 549 1529 exitiosum
575 1465 659 1548 fore,
686 1465 713 1528 si
736 1465 907 1549 evenisset,
934 1465 1095 1548 videbam,
1118 1464 1153 1528 id

195 1574 237 1617 ne
260 1553 419 1618 accideret
439 1553 603 1638 timebam,
625 1553 814 1639 praesertim
833 1575 940 1638 quum,
963 1554 995 1618 si·
1008 1552 1088 1617 mibi
1107 1553 1152 1616 al·

195 1644 301 1706 terum
323 1646 432 1706 ulrum
455 1643 494 1707 de
517 1645 634 1706 eventu
657 1644 754 1726 atque
776 1642 863 1706 exilu
885 1663 993 1706 rerum
1012 1640 1153 1726 'promil-

195 1730 330 1795 bendum
352 1733 446 1815 esset,
467 1730 501 1794 id
522 1731 682 1814 futurum
705 1730 790 1814 quod
813 1731 933 1814 evenit,
956 1730 1154 1814 exploratius
1270 1745 1281 1760 ’

195 1840 325 1903 possem
351 1820 553 1904 promittere,
584 1820 625 1884 iis
655 1820 742 1883 enim
772 1819 868 1882 rebus
899 1819 1154 1903 praestabamus,

197 1929 279 1991 quae
301 1929 369 1973 non
391 1908 584 1992 prodeunt'
574 1929 610 1972 m
632 1908 746 1992 aciem,
772 1930 810 1971 u
801 1931 833 1971 u
857 1911 966 1971 aulem
989 1929 1154 1972 armorum

197 1999 231 2061 eb
260 1997 400 2062 militum
431 1997 547 2063 robore
582 1997 751 2062 inferiores
782 2017 978 2061 eramus—
984 1995 1084 2080 ,sed
1115 1999 1155 2062 bu

155 2085 289 2150 illum
315 2087 459 2150 animum
485 2107 573 2150 nune
600 2075 730 2168 adhibe,
757 2105 891 2169 quaeso,
918 2106 982 2186 quo
1008 2105 1060 2148 me
1082 2087 1154 2149 bum

162 2193 267 2242 sessa
289 2178 438 2260 oportere
461 2175 624 2238 censebas
659 2171 749 2238 Haeo
766 2193 805 2238 so
824 2174 946 2260 scripsi,
969 2173 1054 2257 quod
1073 2173 1155 2237 mihi

196 2262 407 2347 Philargyrus
429 2267 506 2327 tuus
529 2263 638 2327 omnia
660 2262 699 2326 de
721 2265 754 2325 te
772 2262 949 2346 requirenti
965 2262 1154 2327 fidelissimo

198 2353 316 2434 animo,
337 2354 375 2415 ub
360 2350 477 2415 bmibi
500 2350 629 2434 quidem
651 2351 739 2416 visus
762 2354 820 2435 esb,
842 2350 987 2415 namavib
1003 2354 1036 2415 te
1054 2351 1154 2414 inber-

197 2437 275 2504 dum
298 2438 471 2502 sollieibum
498 2439 601 2503 solere
630 2459 699 2504 esse
725 2438 960 2504 vehemenlius:
992 2438 1079 2523 quod
1104 2438 1155 2502 fa-

197 2547 269 2591 eere
300 2547 368 2591 non
399 2527 497 2591 debes
528 2547 588 2593 nee
611 2527 772 2611 dubitare,
798 2528 877 2612 quin
904 2531 962 2592 aut
988 2528 1096 2611 aliqua
1118 2549 1154 2592 re

197 2614 327 2699 publiea
349 2614 394 2680 sis
415 2615 552 2700 fubrrus,
575 2616 631 2700 qui
649 2637 719 2681 asse
737 2616 843 2701 debes,
865 2619 922 2681 aut
939 2616 1065 2700 perdita
1084 2637 1155 2681 non

198 2702 367 2768 afflietiore
390 2704 578 2770 eondieione
601 2726 699 2789 quam
720 2705 827 2770 aeteri.
875 2702 948 2769 Hoo
974 2727 1050 2771 vero
1072 2707 1153 2768 tem-

197 2813 273 2876 pus,
300 2813 364 2876 quo
387 2793 561 2857 exanimabi
584 2814 696 2859 omnes
718 2797 752 2858 eb
774 2793 922 2878 suspensi
945 2815 1069 2878 sumus,
1090 2793 1154 2858 hoe

198 2881 412 2947 moderatiore
445 2882 553 2948 animo
579 2882 664 2946 ferre
691 2881 801 2966 debes,
833 2882 919 2968 quod
948 2886 982 2946 eb
1011 2882 1047 2947 in
1073 2883 1154 2946 urbe
1280 2907 1281 2940 ι

199 2990 237 3034 ea
260 2989 303 3053 es,
324 2970 381 3034 ubi
398 2973 478 3034 naba
495 2972 529 3034 eb
547 2971 614 3034 alla
631 2973 681 3036 osb
698 2971 782 3035 ratio
800 2991 838 3034 ac
858 2971 1036 3037 moderatio
1058 2970 1154 3053 vitae,

200 3060 233 3122 eb
260 3057 360 3122 habes
397 3055 463 3123 Ser.
495 3056 673 3142 Sulpicium
699 3093 742 3107 ο
770 3081 866 3144 quem
901 3079 1027 3144 semper
1058 3058 1152 3124 unice

60 3224 63 3230 Ι
199 3146 338 3211 dilexisti
360 3181 417 3231 —-,
440 3146 494 3230 qui
516 3149 549 3212 te
571 3147 717 3232 profaebo
745 3151 779 3212 eb
800 3148 1026 3214 benevolentia
1048 3149 1081 3212 eb
1103 3169 1152 3212 sa·

198 3235 322 3318 pientia
345 3236 538 3319 consolatu,
561 3237 651 3301 auius
670 3237 698 3301 si
716 3257 858 3303 essemus
876 3241 909 3302 eb
927 3237 1153 3303 auctoritatem

199 3327 233 3386 eb
254 3324 424 3389 eonsilium
446 3325 560 3408 seculi,
586 3325 692 3411 togati
717 3326 826 3410 polius
853 3327 1034 3412 polentiam
1056 3348 1153 3411 quam
1279 3311 1280 3332 ³

165 3413 315 3476 sarmati
342 3412 509 3478 victoriam
541 3413 744 3480 subissemus.
799 3412 861 3480 Sed
893 3415 973 3480 haee
1004 3416 1153 3501 longiora

269 3602 320 3672 up.
342 3611 365 3672 1,
385 3612 410 3659 a.
445 3606 484 3661 aa
501 3606 615 3674 suaeve
632 3607 699 3678 (u).
734 3607 774 3662 su
791 3607 853 3674 uf.
873 3607 974 3677 moa,
992 3609 1024 3665 n.
