2658 3986
382 199 642 255 EPISTOLARUM
660 199 706 255 VI.
727 205 838 254 14—17.
1027 197 1091 262 185

571 449 659 514 XVI.

289 559 346 616 Ser.
367 576 441 616 anno
459 561 566 616 incerto
586 563 657 629 (⁷10,
675 563 740 630 poet
757 561 798 616 ld.
816 561 936 630 Marti).

358 683 581 740 BITHYNICUS
600 682 771 740 CICERONI
791 684 865 739 SAL.

207 781 243 849 Si
264 783 344 848 mihi
370 788 478 849 tecum
504 806 572 849 non
595 787 628 849 et
649 786 770 849 multae
797 787 830 848 et
851 783 955 850 iustae
978 805 1094 850 causae

136 872 298 938 amicitiae
321 873 473 956 privatim
491 875 607 957 essent,
628 884 806 957 repeterem
823 873 917 938 initia
934 873 1094 938 amicitiae

136 983 177 1026 ex
199 961 388 1045 parentibus
410 962 538 1045 nostris,
562 962 648 1047 quod
663 961 853 1033 ,faciendum
874 962 914 1025 iis
937 961 1094 1046 existimo,

136 1050 194 1134 qui
216 1053 386 1133 paternam
408 1051 582 1114 amicitiam
604 1049 702 1115 nullis
719 1050 782 1134 ipsi
800 1049 915 1114 officiis
932 1051 1095 1134 prosecuti

138 1140 228 1202 sunt:
251 1139 360 1222 itaque
383 1141 554 1204 contentus
577 1160 632 1203 ero
654 1141 767 1203 nostra
783 1138 927 1222 ipsorum
946 1138 1096 1224 amicitia,

138 1227 230 1290 cuius
253 1225 370 1291 fiducia
391 1230 467 1310 peto
496 1251 515 1293 a
537 1231 583 1312 te,
612 1229 649 1291 ut
676 1227 843 1292 absentem
869 1235 946 1312 me‚‘
966 1227 1096 1310 quibus-

138 1336 276 1398 cumque
299 1315 335 1379 in
356 1316 452 1380 rebus
475 1337 556 1400 opus
578 1315 685 1399 fuerit,
707 1319 827 1399 tueare,
850 1315 877 1380 si
899 1315 1025 1379 nullum
1049 1315 1095 1381 of·

138 1403 248 1556 {pipin
279 1406 372 1468 tuum
408 1404 493 1488 apud
529 1424 581 1469 me
611 1404 887 1470 intermoriturum
924 1404 1096 1469 existimas.

172 1513 232 1556 ae.

565 1686 671 1753 XVII.
867 1751 869 1755 .

296 1795 353 1851 Ser.
372 1813 445 1852 anno
464 1798 570 1854 incerto
590 1800 664 1868 (710,
683 1801 749 1870 post
766 1799 806 1852 Id.
824 1799 945 1868 Marti).

439 1920 568 1978 CICERO
586 1921 796 1977 BITHYNICO.

209 2019 317 2096 Quum
347 2026 526 2086 ceterarum
555 2043 663 2087 rerum
695 2041 792 2085 eausa
823 2021 917 2104 cupio
944 2041 1014 2085 esse
1042 2020 1133 2084 alil

142 2108 273 2192 quando
295 2131 364 2174 rem
386 2110 549 2194 publicam
571 2109 790 2193 constitutam,
812 2111 883 2172 tum
900 2108 997 2173 velim
1018 2109 1099 2173 mihi

141 2197 253 2261 credar
277 2197 426 2262 accedere
450 2199 555 2282 etiam,
577 2198 611 2264 id
636 2219 699 2282 quo
724 2197 828 2284 magis
847 2199 1003 2282 expetam,
1025 2218 1099 2281 pro·
1127 2269 1129 2274 ,

141 2286 278 2350 missum
299 2290 405 2370 tuum,
433 2308 496 2371 quo
523 2286 558 2350 in
580 2287 696 2351 litteris
723 2287 837 2369 uteris3
864 2285 976 2351 scribis
1004 2286 1099 2369 enim,

142 2373 171 2438 si
193 2373 241 2437 ita
255 2375 306 2456 sit,
327 2378 360 2438 te
377 2396 504 2439 mecum
521 2396 590 2440 esse
609 2375 777 2440 victurum.
812 2373 1002 2440 Gratissima
1020 2374 1100 2439 mihi
1118 2387 1134 2438 a

141 2465 201 2526 tua
223 2463 374 2526 voluntas
397 2465 460 2546 est,
488 2462 630 2548 facisque
653 2464 735 2528 nihil
758 2465 899 2529 alienum
926 2464 1100 2528 necessitu-

143 2550 219 2614 dine
241 2554 355 2614 nostra
371 2550 560 2636 iudiciisque
579 2552 680 2638 patrie
698 2552 747 2616 tui
766 2553 873 2616 deme
893 2552 1008 2616 summi
1026 2551 1100 2635 viri3

142 2659 221 2702 nam
244 2639 441 2722 eichstete,
463 2639 692 2705 beneficiorum
712 2639 934 2726 magnitudine
958 2661 1022 2723 eos,
1044 2640 1101 2723 qui

142 2727 343 2811 temporibus
357 2729 378 2807 †
391 2729 563 2792 valuerunt
584 2732 622 2792 ut
639 2729 777 2814 valeant,
800 2727 1036 2793 coniunctiores
1054 2730 1100 2793 te·

143 2835 219 2879 cum
237 2837 306 2880 esse
325 2838 423 2900 quam
440 2837 501 2900 me,
523 2815 758 2881 necessitudine
777 2816 947 2880 neminem.
984 2814 1100 2892 Quam·

144 2903 257 2968 obrem
280 2908 374 2989 grata
395 2905 476 2969 mihi
499 2907 549 2969 est
571 2907 604 2969 et
626 2904 780 2968 memoria
801 2907 859 2968 tua
876 2907 1007 2968 nostrae
1026 2925 1101 2969 con·

144 2991 320 3057 iunctionis
343 2993 467 3058 eteius
491 2993 588 3058 etiam
610 2992 777 3078 augendae
799 2994 959 3058 voluntas.

216 3217 268 3287 Ep.
289 3224 331 3286 17,
346 3225 370 3273 2.
407 3220 771 3284 †va1uerantatcaleant
794 3219 855 3288 (Μ.,
873 3218 938 3286 W.).
974 3218 1028 3272 vat
1052 3221 1102 3272 act

145 3289 376 3414 peurgpptlpfflaev.)
396 3292 446 3344 aut
463 3295 513 3346 aut
530 3291 585 3346 cal.
603 3295 654 3346 act
670 3291 762 3346 valeat
780 3291 855 3360 (W.).
888 3289 957 3354 cat„
974 3291 1038 3356 †at
1054 3303 1101 3342 aa·
