2644 3988
225 251 289 317 342
505 251 543 306 M.
563 251 686 307 TULLII
704 249 895 306 CICERONIS

223 397 334 466 mundi
365 418 434 462 sese
466 395 613 462 Antonio
650 395 728 460 deri.
781 394 873 461 Anni
908 399 1016 460 eutem
1049 399 1180 480 tempus

223 487 404 551 libertatem
431 486 586 551 maiorem
612 483 693 549 mihi
720 485 788 568 dat,
817 488 988 569 propterea
1015 485 1092 569 quis
1113 485 1181 550 fru-

223 579 333 640 menta
355 574 469 640 autin
492 574 578 659 egris
602 575 660 638 eut
680 574 716 638 in
739 572 823 638 villis
846 577 931 638 sunt.
968 573 1084 658 Itaque
1106 595 1182 658 pro-

222 664 317 730 ximis
329 663 446 728 litteris
461 662 630 728 eonsilium
643 683 751 727 meum
765 662 962 746 expedietur3
985 683 1062 726 nem
1075 683 1181 746 neque

222 753 333 818 deesse
359 773 464 836 neque
492 773 658 835 superesse
684 751 901 835 reipublicae
923 750 1011 834 rolo;
1041 751 1181 814 maxime

222 844 332 906 tamen
359 841 452 906 doleo
485 840 565 904 adeo
598 843 631 904 et
656 841 756 924 longo
785 841 818 903 et
842 839 962 904 infesto
993 839 1111 904 itinere
1140 839 1180 902 od

223 930 398 1013 mevenni,
415 932 454 994 ut
471 929 522 992 die
537 928 782 1014 quadragesimo
800 931 876 1011 post
894 930 951 992 eut
968 928 1055 993 ultre
1073 927 1182 1012 etiem,

223 1039 320 1102 quem
341 1018 429 1083 foetu
452 1021 537 1102 sunt,
560 1017 669 1083 omniu
691 1015 892 1082 nuntientur.
957 1025 960 1030 '
1062 1015 1065 1018 ’

626 1225 779 1294 XXXIV.

223 1341 280 1396 Ser.
299 1342 330 1396 in
347 1342 447 1396 cestris
466 1343 502 1396 ud
520 1342 638 1397 Pontem
651 1341 824 1411 Argenteum
842 1340 889 1396 XI.
908 1339 970 1394 Kal.
989 1341 1050 1394 Iun,
1069 1341 1096 1410 (ὃ
1111 1345 1181 1394 1-2

346 1412 419 1466 inter
436 1413 476 1466 ld.
495 1413 585 1466 Maias
604 1415 634 1466 et
651 1412 698 1466 XI.
718 1411 751 1465 K.
770 1411 841 1482 Iun.)
860 1429 885 1466 a.
904 1429 931 1465 u.
951 1428 973 1464 o.
994 1416 1054 1464 711.

223 1552 267 1607 M.
287 1551 440 1607 LEPIDUS
458 1553 533 1606 IMP.
550 1552 782 1679 ITllgtiOffilg'ffi
791 1553 881 1607 ΜΑΧ.
899 1551 926 1608 S.
941 1552 974 1606 D.
989 1552 1026 1606 Μ.
1045 1551 1183 1606 sonmo

189 1737 204 1784 1
290 1720 320 1788 S.
343 1745 372 1788 r.
395 1723 426 1788 b.
449 1745 476 1788 e.
490 1744 517 1788 e.
530 1747 559 1788 v.
594 1723 702 1800 Quum
724 1724 885 1788 audissem
902 1720 1084 1788 Antonium
1106 1736 1187 1788 eum·

223 1810 290 1876 suis
317 1811 419 1897 oopiis
445 1813 621 1896 praemisso
649 1812 686 1877 L.
708 1812 854 1879 Antonio
877 1833 951 1876 eum
977 1815 1070 1896 perte
1093 1812 1183 1896 squi-

107 1931 108 1934 *
222 1903 310 1965 tatus
341 1901 378 1965 in
408 1901 608 1986 provinciam
639 1923 744 1966 meam
776 1901 899 1986 venire,
934 1921 1009 1964 eum
1040 1901 1183 1965 exercitu

223 2010 295 2054 meo
323 1989 364 2054 eb
392 1989 574 2056 confluente
596 1991 618 2070 †
637 1991 679 2056 eb
705 1989 866 2056 Rhodano
893 1992 1001 2054 oestro
1027 1989 1114 2054 mori
1143 2009 1183 2054 oo

223 2081 337 2143 eontra
364 2100 419 2144 eos
446 2079 555 2144 venire
577 2079 713 2144 institui.
758 2077 873 2162 Itaque
902 2077 1064 2142 eontinuis
1086 2077 1184 2142 itine-

223 2166 313 2232 ribus
340 2167 381 2231 ed
407 2166 528 2233 Forum
550 2167 690 2234 Voconii
715 2167 790 2232 ueni
821 2169 855 2230 et
884 2167 971 2230 ultre
1001 2171 1108 2231 eastra
1140 2167 1184 2230 ed

222 2255 344 2321 flumen
360 2256 563 2342 Argenteum
581 2261 696 2322 oontre
712 2255 920 2320 Antonianos
937 2254 1009 2319 feei.
1040 2254 1075 2319 P.
1093 2255 1184 2320 Ven-

222 2344 322 2409 tidius
345 2365 420 2408 sues
441 2346 586 2430 legiones
608 2349 675 2410 tres
698 2343 866 2410 coniunxit
887 2365 961 2408 eum
983 2365 1022 2409 eo
1044 2347 1078 2410 et
1094 2344 1184 2408 ultre

223 2453 274 2497 me
302 2435 409 2496 eastre
434 2433 557 2516 posuit3
583 2431 727 2497 habebat
757 2436 854 2510 antee
883 2431 1045 2517 legionem
1080 2431 1121 2498 V.
1149 2437 1185 2496 et

225 2541 264 2584 ex
285 2519 417 2602 reliquis
443 2519 627 2605 legionibus
658 2541 812 2606 magnam
838 2521 1092 2605 multitudinem,
1124 2520 1184 2585 sed

223 2608 430 2673 inermorum.
474 2607 666 2693 Equitetum
691 2609 792 2674 habet
818 2630 986 2695 megnum3
1014 2630 1091 2675 nem
1113 2631 1184 2674 om-

223 2697 276 2760 nis
298 2718 338 2762 ex
359 2697 483 2782 proelio
505 2697 633 2782 integer
651 2697 798 2763 disoessit
818 2699 874 2783 ite,
896 2701 934 2762 ut
953 2698 1020 2762 sint
1043 2698 1186 2783 emplius.

224 2785 369 2870 equitum
391 2787 482 2852 milio,
503 2787 654 2872 quinque.
698 2785 752 2852 Ad
781 2807 832 2852 me
859 2787 1040 2871 complures
1062 2786 1183 2851 milites

224 2878 258 2938 ot
284 2875 407 2959 equites
439 2875 481 2940 eb
513 2897 551 2942 eo
581 2875 782 2940 transierunt
812 2878 846 2940 et
873 2875 909 2940 in
935 2875 1004 2940 dies
1035 2875 1183 3028 einffiulos

188 2963 293 3028 seius
325 2963 436 3047 eopiee
467 2965 671 3030 minuuntur:
703 2963 833 3030 Silenus
864 2967 898 3028 et
923 2961 1036 3030 Culleo
1068 2986 1088 3028 e
1142 2985 1182 3028 eo

224 3052 452 3136 discesserunt3
475 3073 545 3138 nos,
567 3054 629 3118 etsi
652 3054 794 3138 graviter
816 3053 857 3117 eb
880 3052 920 3116 iis
942 3053 1023 3118 laesi
1045 3073 1183 3133 eremus,

224 3141 310 3224 quod
324 3143 439 3206 contre
451 3144 598 3206 nostram
611 3142 813 3207 voluntatem
826 3139 1184 3225 adAntoniumierent,

223 3233 334 3296 tomen
357 3232 487 3295 nostrae
513 3229 726 3295 humanitatis
755 3233 790 3296 et
814 3229 1061 3296 neeessitudinis
1084 3251 1184 3294 oouse

294 3455 346 3526 Ep.
362 3461 404 3523 34,
420 3463 443 3511 1.
470 3457 538 3523 †ab
557 3455 694 3511 Rhodano
713 3456 769 3524 (ln,
788 3456 853 3526 W.).
889 3457 1045 3512 Demeae
1063 3473 1096 3512 uo
1109 3456 1184 3512 Rho

224 3525 294 3580 dens*
321 3527 388 3595 (W.)
414 3527 465 3580 out
486 3526 619 3582 Rhodani
641 3526 713 3594 (edd.
733 3528 822 3596 vett),
850 3557 884 3567 -
911 3532 937 3582 et
964 3527 1063 3600 [mou]
1090 3533 1186 3584 eastra

226 3596 311 3665 (W.)?
330 3625 363 3636 ——
383 3597 431 3666 loy.
455 3595 487 3650 V.
507 3597 574 3665 (ld).
611 3597 659 3668 lea.
678 3597 803 3666 quintum
820 3596 915 3665 vulgo.
