2578 3978
260 233 305 296 20
545 232 583 285 M.
603 231 727 286 TULLII
744 229 933 286 ClOERONIS

165 434 173 453 ‚
261 397 365 461 magis
391 376 427 440 in
453 397 561 440 sreem
587 375 674 439 illius
701 395 816 439 caussa
846 373 1007 438 invadere·
1028 376 1085 436 aas
1112 374 1222 458 magis
1278 363 1279 418 l

259 464 407 530 oblivisci
429 467 611 547 temporum
638 483 796 545 meorum,
824 461 1008 525 meminisse
1031 461 1223 525 aetion-um?

259 552 333 616 ,Hao
355 575 375 616 a
398 573 450 616 me
472 551 633 616 sententia
648 549 892 634 dietamaguus
911 550 1092 613 animosum
1110 554 1222 613 motus

261 644 313 704 est
334 640 439 704 faetus
462 661 561 723 quum
584 660 703 720 eorum,
726 659 862 720 quorum
881 637 1033 720 opos-tuit,
1055 641 1125 700 tum
1143 638 1222 700 illo-
1278 645 1279 728 l

227 745 334 793 sium
357 729 468 810 etism,
496 749 632 810 quorum
659 747 836 809 numquam
862 729 1027 808 putaram:
1048 746 1129 788 ,nam
1158 725 1222 790 hoc
1278 737 1279 812 l

261 820 394 880 senatus
424 816 572 880 consulto
599 815 646 878 in.
661 836 767 878 meam
794 814 988 878 manum
1013 813 1101 878 faolo
1124 812 1222 878 Pom·

45 930 47 937 ·
177 969 189 974 ,,
261 905 363 988 peius,
385 925 484 986 quum
501 903 581 968 mihi
598 903 681 967 nibil
698 902 897 967 ostendisset
905 923 943 965 ss
961 923 1030 966 esse
1051 901 1222 985 offensum,

261 993 297 1057 in
325 989 506 1056 Sardiniam
538 994 571 1055 et
600 991 636 1056 in
663 989 810 1056 Afrioam
840 990 1005 1074 profectus
1035 993 1086 1052 est
1115 1009 1221 1073 eoque
1278 999 1279 1068 l

261 1081 377 1144 itinere
395 1079 516 1144 Lusum
533 1079 575 1144 ad
593 1077 764 1144 Caesarem
780 1079 882 1160 veuit3
899 1078 1070 1142 ibimulta
1088 1078 1128 1141 de
1147 1099 1222 1142 mea
1278 1075 1279 1128 l

263 1169 426 1234 sementia
447 1171 578 1250 questus
601 1171 651 1231 est
668 1164 795 1250 Caesar,
818 1166 936 1250 quippe
959 1166 1015 1249 qui
1036 1165 1135 1230 etiam
1156 1166 1220 1230 Ra·
1278 1143 1279 1234 l

262 1277 385 1320 senuas
399 1253 555 1320 vCrassum
578 1258 654 1319 ente
675 1255 809 1319 vidisset
826 1255 868 1318 sb
886 1254 1042 1337 aequom
1059 1276 1111 1318 me
1133 1259 1221 1318 esset

261 1345 426 1425 ineamus,
453 1365 530 1408 seue
558 1343 691 1408 moleste
714 1340 903 1425 Pompeium
918 1342 959 1406 ,id
985 1343 1068 1406 seme
1091 1347 1220 1406 eonsta-

261 1431 327 1514 bat,
350 1431 436 1514 quod
458 1451 529 1514 ego,
551 1452 650 1513 quum
673 1430 833 1496 audissem
855 1451 895 1494 ex
916 1429 997 1513 aliis,
1019 1431 1159 1497 maxime
1183 1453 1220 1494 ex

261 1541 333 1584 meo
356 1519 457 1583 fratte
481 1519 618 1602 cognovi
623 1569 631 1602 ,
656 1539 751 1600 quem
772 1541 872 1602 quum
893 1518 929 1581 in
951 1516 1101 1582 Sardinia
1123 1517 1218 1582 Pom-

261 1607 353 1690 peius
384 1606 495 1690 paucis
526 1610 601 1690 post
624 1605 757 1690 diebus,
786 1628 882 1690 quam
904 1605 993 1670 Luba
1019 1606 1220 1689 discesserat,

261 1695 474 1776 convenisset,
495 1693 571 1777 „te“,
593 1695 708 1778 inquit,
724 1695 849 1777 „ipsum
867 1694 977 1777 eupio3
999 1693 1082 1757 nihil
1101 1697 1218 1778 oppor-

260 1783 371 1846 tunius
393 1782 501 1865 potuit
522 1782 678 1846 sooidere:
705 1783 769 1846 nisi
791 1804 864 1846 eum
885 1781 996 1846 Marco
1024 1780 1126 1846 frates
1149 1782 1218 1846 dili·

262 1873 377 1954 geuter
399 1869 512 1953 egeris,
534 1870 779 1953 dependendum
796 1871 857 1934 tibi
875 1873 932 1953 est,
954 1869 1040 1953 quod
1059 1869 1139 1934 mihi
1159 1891 1217 1952 pro

260 1957 317 2022 illo
341 1957 577 2042 spopondisti“3
601 1958 677 2041 quid
698 1958 823 2022 multa?
845 1961 977 2042 questus
995 1960 1046 2021 est
1062 1959 1217 2041 gravitere

262 2067 320 2112 sua
342 2047 459 2110 merita
480 2047 768 2129 oommemouavit3'
783 2046 860 2129 quid
886 2045 1006 2130 egisset
1030 2046 1217 2129 saepissime

261 2133 301 2198 de
323 2134 404 2198 sotis
426 2132 574 2198 (lassaris
597 2135 762 2218 cumipse
784 2156 857 2199 meo
874 2135 975 2198 fratre
993 2133 1133 2218 quidque
1156 2133 1217 2198 sibi

260 2223 289 2286 is
319 2223 359 2286 de
385 2244 436 2286 me
463 2223 648 2306 reoepisseb,
679 2223 715 2286 iu
741 2223 929 2286 memoriam
960 2221 1085 2305 redsgIt
1112 2243 1217 2304 seque,

261 2331 343 2392 quae
358 2310 397 2374 de
411 2331 484 2372 mea
504 2310 608 2373 salute
621 2309 749 2393 egisset,
767 2310 934 2373 voluntate
948 2306 1094 2374 Caesaris
1112 2311 1216 2394 egisse

260 2397 368 2480 ipsum
398 2418 506 2460 meum
536 2397 670 2460 fratoem
700 2399 838 2460 testatus
868 2400 933 2479 est,
963 2397 1055 2462 euius
1087 2418 1217 2461 eausam

260 2484 516 2568 dignitatemque
547 2483 628 2548 mihi
658 2486 696 2548 ut
727 2485 979 2570 commendaret,
1010 2485 1151 2569 rogavit,
1180 2486 1217 2547 ut

210 2681 243 2728 10
261 2593 344 2724 ,33
360 2573 728 2743 ”idumei
746 2573 1216 2744 llllplddtdzllt

261 2751 372 2812 tamem
400 2745 572 2831 Pompeius
601 2748 642 2812 ed
668 2770 719 2812 me
747 2771 820 2812 eum
846 2749 1008 2812 mandatis
1037 2748 1216 2813 Vibullium

260 2835 414 2918 misisset,
441 2838 479 2899 ut
504 2836 668 2920 integrum
690 2837 770 2901 mihi
797 2837 835 2900 de
863 2858 960 2902 cause
982 2834 1148 2920 Campana
1175 2833 1215 2898 sd

262 2943 356 2986 suum
377 2922 517 2988 reditum
538 2945 747 3007 reservarem,
777 2925 892 3009 collegi
918 2925 988 3008 ipse
1014 2945 1066 2988 me
1089 2927 1216 2988 etcum

261 3010 333 3093 ipsa
355 3011 503 3094 quasise
525 3012 655 3096 publiea
678 3014 855 3078 collocutus
877 3035 962 3096 sum,
988 3015 1026 3076 ut
1046 3012 1127 3076 mihi
1148 3014 1216 3074 tem
1278 3031 1279 3126 q

261 3098 364 3162 multa
384 3120 445 3182 pro
468 3121 502 3163 se
528 3122 680 3184 perpesso
704 3104 800 3184 atque
822 3101 992 3184 perfuncto
1020 3099 1216 3178 concederet,
1278 3129 1279 3174 q

262 3188 298 3250 ut
330 3185 473 3252 officium
503 3210 612 3252 meum
642 3209 879 3272 memoremque
910 3189 945 3253 iu
975 3189 1057 3252 bene
1085 3187 1215 3252 meritos
1278 3179 1279 3246 l

262 3274 405 3339 animum
427 3274 586 3358 fidemque
612 3275 722 3340 fratiis
749 3277 813 3339 mei
835 3280 1045 3360 praestmem,
1072 3293 1215 3356 eumque,

251 3382 357 3445 ⁸quem
380 3361 503 3427 bonum
516 3364 618 3427 civem
632 3385 758 3448 semper
771 3363 946 3447 habuisset,
967 3364 1091 3428 bonum
1112 3363 1216 3428 virum

261 3469 330 3513 esse
354 3453 527 3532 pateretur.
562 3449 604 3514 In
625 3451 689 3515 illis
713 3455 821 3516 autem
843 3453 922 3517 meis
942 3451 1124 3518 actionibus
1146 3469 1214 3514 sen·

260 3529 435 3621 teutiisque
450 3537 609 3624 omnibus,
620 3561 702 3624 quae
711 3539 901 3626 Pompeium
914 3539 1106 3604 videbantur
1118 3536 1214 3604 offen·
