2644 3988
255 245 320 309 322
537 245 574 300 Μ.
594 245 717 300 runnu
735 247 925 302 crcaaours

254 389 329 475 vidi,
351 390 503 474 mihique,
526 391 553 454 si
575 390 622 455 ita
645 411 816 474 oppressus
836 412 939 455 essem
956 412 1087 475 remque
1110 392 1212 475 publi-

255 501 325 544 cam
348 501 474 545 mecum
495 479 721 563 prodidissem,
750 482 878 545 mortuo
901 500 968 544 non
991 480 1088 545 modo
1112 479 1213 545 hono-

253 589 335 652 rem,
363 568 418 632 scd
445 567 697 633 misericordiam
724 589 851 652 quoque
879 567 1074 632 defuturam:
1104 568 1214 652 itaque

253 654 414 722 rediturus
439 679 510 721 sum
531 677 592 721 nec
611 659 705 719 tanta
723 677 856 720 munera
874 655 1008 740 perditis
1026 656 1214 722 hominibus

219 761 235 809 1
255 745 324 810 dari
347 767 442 830 posse
466 745 578 809 sinam.
623 744 809 809 Exercitum
831 745 911 809 locis
933 744 1073 809 habeam
1097 767 1215 830 oppor-

253 835 355 919 tunis,
381 834 580 919 provinciam
607 836 712 916 tuear,
740 833 865 897 etiamsi
892 833 946 897 ille
975 833 1133 898 exercitus
1162 834 1216 898 de-

254 923 375 1007 scierit,
411 922 582 1006 omniaque
614 923 743 1006 integra
779 941 915 1004 servem,
952 921 1036 987 dabo
1072 943 1215 1008 operam,

254 1011 361 1095 quoad
390 1011 546 1076 exercitus
574 1010 638 1074 huc
666 1009 874 1074 summittatis
925 1010 1035 1094 arique
1058 1011 1215 1076 felicitate

253 1121 321 1164 rem
344 1100 507 1184 publicam
529 1099 583 1163 bic
605 1098 786 1182 vindicetis3
809 1099 869 1162 nec
891 1033 1087 1184 ibpugnare,
1110 1100 1138 1164 si
1164 1121 1215 1166 oc·

254 1189 340 1255 casio
366 1189 491 1274 tulerit,
522 1209 582 1252 nec
614 1186 766 1270 obsideri,
798 1187 826 1251 si
851 1207 982 1252 necesse
1011 1187 1123 1273 fuerit,
1154 1209 1215 1254 nec

253 1278 349 1362 mori,
382 1278 409 1342 si
441 1299 533 1342 casus
564 1275 726 1363 inciderit,
757 1297 817 1359 pro
848 1275 940 1340 vobis
972 1276 1118 1360 paratior
1150 1277 1216 1342 fuit

174 1397 178 1405 «
253 1367 431 1450 quisquam.
477 1363 582 1440 Quare
608 1363 722 1429 hortor
744 1367 790 1447 te,
817 1363 862 1427 mi
885 1361 1009 1449 Cicero,
1037 1365 1215 1430 exercitum

253 1454 316 1518 buc
343 1452 568 1518 traiiciendum
595 1475 692 1536 quarn
719 1453 858 1536 primum
882 1473 972 1518 cures
1000 1457 1033 1517 ct
1059 1458 1215 1539 matures,

253 1543 441 1626 priusquam
474 1540 586 1606 hostes
621 1542 726 1625 magis
762 1541 1011 1606 corroborentur
1042 1545 1076 1606 et
1107 1545 1214 1609 nostri

253 1631 494 1713 perturbentur:
517 1630 552 1693 in
575 1652 638 1714 quo
662 1631 690 1694 si
713 1630 858 1694 celeritas
882 1631 944 1694 erit
972 1630 1133 1716 adhibita,
1162 1655 1214 1698 res

253 1719 381 1802 publica
412 1719 448 1782 in
478 1718 682 1803 possessione
718 1718 871 1783 victoriae
903 1718 1016 1784 deletis
1048 1721 1214 1786 sceleratis

252 1808 463 1891 permanebit.
507 1805 572 1871 Fac
595 1808 703 1871 valeas
726 1829 840 1890 meque
863 1807 988 1892 diligas.

218 1908 233 1958 1
319 1895 466 1961 Fratrem
497 1917 604 1961 meum
635 1896 709 1979 tibi,
740 1895 952 1960 fortissimum
979 1897 1081 1962 civem
1109 1900 1142 1962 et
1173 1895 1213 1962 ad

253 1987 362 2050 omnia
375 1985 624 2070 paratissimum,
642 2004 789 2049 excusem
807 1984 946 2049 litteris?
969 1985 1024 2068 qui
1042 2007 1082 2048 ex
1099 1985 1214 2052 labore

252 2075 287 2138 in
313 2075 503 2139 febriculam
529 2072 643 2138 incidit
675 2072 836 2136 assiduam
864 2077 897 2137 et
924 2074 1002 2137 satis
1031 2073 1214 2139 molestam.

252 2162 358 2239 Quum
381 2163 521 2248 primum
543 2161 676 2246 poterit,
703 2161 786 2225 istuc
809 2182 970 2226 recurrere
993 2183 1061 2226 non
1085 2162 1213 2228 dubita-

252 2250 313 2336 bit,
339 2273 468 2336 nequo
495 2252 567 2316 loco
595 2251 642 2314 rei
663 2250 810 2334 publicae
839 2250 930 2314 desit.
975 2249 1082 2314 Meam
1105 2250 1212 2337 digni-

251 2343 352 2405 tatem
384 2340 641 2405 commendatam
672 2338 809 2422 habeas,
840 2359 929 2424 rogo.
976 2335 1212 2423 Concupiscere

251 2449 302 2493 me
329 2428 412 2492 nihil
440 2430 581 2512 oportet3
607 2426 712 2491 habeo
740 2430 773 2491 te
800 2430 834 2490 11
861 2427 1119 2491 amantissimum
1145 2429 1211 2494 mei

251 2519 297 2598 ct,
324 2515 410 2599 quod
442 2515 565 2600 optari,
597 2535 740 2580 summae
772 2515 986 2580 auctoritatis:
1018 2518 1055 2580 tu
1082 2516 1212 2600 videris,

251 2607 408 2688 quantum
440 2607 473 2667 et
505 2602 634 2688 quando
665 2607 757 2667 tuum
789 2625 906 2668 munus
936 2603 1022 2687 apud
1049 2625 1101 2669 me
1129 2607 1210 2670 velis

250 2713 334 2775 esse3
362 2695 490 2756 tantum
517 2696 550 2756 11
576 2711 671 2777 rogo,
697 2693 732 2756 in
755 2691 855 2756 Hirtii
881 2694 988 2757 locum
1015 2713 1066 2756 me
1090 2694 1210 2760 subdas

250 2784 284 2847 et
306 2780 347 2844 ad
370 2783 462 2845 tuum
485 2802 627 2846 amorem
650 2783 684 2844 et
707 2781 747 2843 ad
770 2801 875 2844 meam
898 2781 1146 2848 observantiam.

673 2955 779 3022 XXII.

343 3057 400 3114 Sor.
419 3057 525 3114 Romae
543 3075 638 3114 menae
656 3059 737 3113 Iunio
757 3059 832 3128 (post
849 3057 901 3128 Id.)
920 3073 945 3114 a.
965 3078 991 3113 u.
1011 3077 1034 3114 c.
1055 3067 1113 3115 711.

577 3182 706 3238 CICERO
725 3181 880 3238 PLANcc.

215 3296 229 3346 1
315 3275 356 3341 In
377 3278 523 3340 teatin
550 3275 675 3358 collega
704 3274 808 3339 omnis
837 3295 910 3358 spes
938 3277 988 3339 est
1015 3274 1064 3338 dis
1091 3295 1204 3359 appro-

248 3365 411 3429 bantibus.
448 3361 628 3428 Concordia
650 3366 766 3447 restra,
789 3384 870 3447 quae
895 3363 1022 3426 senatui
1045 3363 1206 3428 declarata

319 3519 371 3588 Ep.
391 3525 433 3586 21,
449 3525 473 3574 5.
510 3519 668 3586 1111111111
687 3517 752 3584 (lb).
789 3519 949 3585 desciscam
966 3519 1031 3572 ΜΒ.
1070 3526 1094 3574 6.
1118 3519 1205 3573 Exer-

250 3589 333 3690 ca'tqm
352 3590 417 3643 locis
436 3589 503 3658 (M).
540 3605 581 3643 ec.
595 3593 627 3643 at
641 3589 658 3642 l.
672 3587 759 3656 N.‚B.
798 3595 821 3642 ⁷.
840 3590 911 3643 istac
924 3589 1017 3658 vulgo.
1055 3587 1122 3645 istoc
1140 3589 1203 3644 ΜΒ.
