2556 3986
213 229 220 242 ’
301 237 303 242 ’
371 258 630 314 nersronnann
648 259 708 313 xv.
727 265 751 314 ι.
975 257 1039 322 607

77 406 248 488 regnaret:
272 401 410 468 Metram
433 407 571 486 etcum,
594 411 688 487 quem
710 406 747 468 tu
770 404 850 468 mihi
870 403 1042 488 diligenter

77 491 337 576 commendares,
354 491 569 575 Athenaeum,
586 491 831 576 importunitate
849 490 1041 560 Athenaidis

77 579 197 644 exsilio
221 581 384 664 multatos,
406 581 441 645 in
459 581 600 644 maxime
618 581 703 664 apud
721 601 832 666 regem
850 579 1041 645 auctoritate

78 667 253 752 gratiaque
281 669 447 752 constitui,
481 689 642 753 quumque
669 689 824 753 magnum
854 667 976 733 bellum
1005 668 1041 732 in

80 753 291 840 Cappadocia
314 757 537 840 concitaretur,
560 757 587 820 si
605 756 754 821 sacerdos
773 756 870 820 armis
889 777 933 840 se,
956 757 1041 840 quod

79 845 229 917 facturus
252 845 441 928 putabatur,
464 844 662 928 defenderet,
692 845 877 911 adolescens
899 847 933 908 et
955 844 1041 928 equi-

79 937 156 996 tatu
180 936 213 996 et
233 933 380 1017 peditatu
403 938 436 997 et
457 933 595 1016 pecunia
616 937 750 1017 paratus
773 955 813 998 ex
830 936 901 997 toto
918 933 967 1012 iis,
986 933 1042 1016 qui

80 1021 199 1084 novari
231 1021 351 1104 aliquid
382 1022 548 1105 volebant,
579 1021 713 1105 perfeci,
744 1025 783 1085 ut
813 1043 830 1085 e
856 1041 959 1106 regno
987 1022 1042 1086 ille

81 1109 262 1173 diseederet
283 1130 401 1192 rexque
425 1110 494 1174 sine
516 1111 658 1174 tumultu
681 1131 718 1174 ac
741 1110 809 1173 sine
833 1109 931 1173 armis
954 1110 1042 1175 omni

83 1197 277 1262 auctoritate
301 1198 393 1262 aulae
416 1199 614 1262 communita
636 1217 774 1282 regnum
792 1217 865 1262 oum
884 1197 1042 1283 dignitate

83 1285 255 1350 obtineret.
299 1284 428 1350 Interea
451 1287 589 1371 cognovi
611 1287 787 1351 multorum
806 1286 923 1351 litteris
946 1290 1041 1370 atque
1061 1300 1077 1352 ‘1

83 1374 209 1437 nuntiis
241 1393 377 1460 magnas
408 1373 603 1439 Parthorum
635 1375 744 1459 copias
776 1379 867 1458 atque
896 1373 1043 1439 Arabum

84 1461 127 1525 ad
152 1462 304 1546 oppidum
323 1462 538 1528 Antiocheam
557 1464 728 1528 accessisse
750 1483 968 1549 magnumque
991 1484 1043 1529 eo·

84 1572 159 1614 rum
182 1552 368 1635 equitatum,
392 1553 446 1636 qui
470 1553 504 1616 in
523 1550 668 1618 Ciliciam
691 1553 870 1636 transisset,
893 1552 933 1616 ab
956 1551 1042 1635 equi-

83 1643 156 1702 turn
183 1659 327 1704 meorum
355 1641 469 1704 turmis
497 1644 530 1704 et
557 1642 730 1706 aoohorte
759 1640 934 1724 praetoria,
961 1661 1043 1724 quae

85 1731 158 1789 erat
179 1726 389 1811 Epiphaneae
412 1729 563 1812 praesidii
581 1750 686 1811 eausa,
709 1728 873 1793 occidione
895 1729 1043 1794 occisum.

86 1813 202 1897 Quare,
226 1835 325 1897 quum
348 1815 488 1880 viderem
511 1837 531 1879 a
553 1813 757 1900 Cappadocia
775 1814 971 1880 Parthorum
993 1837 1044 1880 eo-

86 1902 159 1986 pias
179 1922 306 1966 aversas
324 1921 393 1967 non
410 1903 507 1987 longe
527 1903 681 1967 a'finibus
702 1923 771 1968 esse
791 1901 929 1986 Ciliciae,
948 1925 1045 1986 quarn

87 1990 180 2075 potui
216 1990 363 2055 maximis
400 1990 568 2054 itineribus
604 1991 645 2055 ad
677 1990 840 2055 Amanum
871 1991 1045 2056 exercitum

89 2079 173 2144 duxi.
210 2077 280 2155 Quo
299 2082 336 2142 ut
354 2079 436 2162 veni,
457 2078 585 2143 hostem
604 2079 645 2142 ab
664 2078 846 2143 Antiochea
859 2079 1045 2170 recessisse,
1139 2079 1145 2092 “

89 2165 243 2232 Bibulum
264 2165 334 2231 Ant
319 2167 464 2232 tiocheae
488 2187 557 2230 esse
580 2167 731 2252 cognovi3
757 2149 947 2232 Deiotarum
970 2187 1044 2230 con·

89 2255 230 2320 festim
219 2277 286 2319 ram
309 2255 350 2320 ad
372 2275 424 2318 me
446 2255 629 2320 venientem
656 2275 729 2320 cnm
751 2274 871 2340 magno
898 2258 932 2319 et
952 2254 1045 2320 firmo

90 2343 235 2426 equitatu
266 2346 300 2408 et
330 2343 476 2426 peditatu
508 2347 541 2408 et
572 2364 645 2408 oum
672 2342 823 2408 omnibus
851 2343 917 2408 suis
945 2342 1046 2426 copiis

48 2451 60 2480 ¹
92 2432 258 2496 certiorem
279 2431 342 2495 feci
364 2451 432 2496 non
453 2431 555 2496 videri
576 2453 647 2496 esse
669 2451 813 2515 eausam,
839 2451 897 2496 our
919 2431 1047 2496 abesset

91 2543 111 2584 a
131 2541 246 2605 regno,
272 2540 387 2604 meque
414 2519 456 2585 cd
478 2542 565 2604 curn,
595 2521 623 2584 si
650 2520 726 2605 quid
753 2519 831 2585 novi
857 2519 942 2584 forte
965 2519 1045 2584 acci-

93 2609 202 2691 disset,
234 2609 344 2673 statim
375 2609 500 2673 litteras
531 2609 727 2692 nuntiosque
758 2609 931 2673 missurum
962 2628 1046 2690 esse3

93 2716 252 2780 quumque
275 2717 312 2762 eo
332 2697 440 2761 animo
459 2697 627 2780 venissem,
649 2700 687 2761 ut
704 2696 831 2782 utrique
852 2695 1046 2780 provinciae,
1064 2709 1082 2760 8

94 2783 120 2848 si
142 2784 187 2848 ita
209 2787 336 2869 tempus
354 2785 462 2869 ferret,
486 2785 698 2868 subvenirem,
719 2788 790 2849 tum
807 2784 851 2867 id,
873 2783 959 2868 quod
981 2783 1047 2847 iam

94 2875 166 2936 ante
189 2875 364 2938 statueram
382 2872 589 2938 vehementer
610 2873 766 2937 interesse
782 2872 950 2956 utriusque
973 2893 1047 2957 pro·

93 2960 227 3044 vinciae,
254 2982 369 3045 pacare
392 2961 556 3028 Amanum
582 2964 616 3025 et
640 2965 832 3063 perpetuum
858 2960 985 3026 hostem
1008 2980 1047 3024 ex

94 3070 129 3113 eo
152 3051 262 3114 monte
279 3050 401 3134 tollere,
424 3071 518 3136 agere
536 3051 674 3136 perrexi3
697 3071 859 3134 quumque
877 3071 928 3113 me
947 3048 1047 3112 disoe-

93 3137 164 3201 dere
187 3137 237 3201 ab·
251 3157 290 3202 eo
313 3142 423 3202 monte
446 3139 646 3204 simulassem
674 3142 707 3202 et
733 3139 812 3203 elias
838 3140 948 3238 partes
971 3133 1046 3200 Cili·

94 3226 157 3290 ciae
179 3229 289 3311 petere
317 3225 524 3309 abessemque
552 3227 593 3290 ab
616 3226 745 3290 Amano
772 3226 834 3290 iter
860 3225 956 3290 unius
983 3223 1047 3288 diei

159 3451 210 3522 Ep.
230 3456 256 3520 4,
271 3459 296 3506 6.
332 3455 472 3520 regnaret:
492 3449 535 3504 M.
555 3451 629 3519 (W.).
670 3455 803 3519 reptaret.
832 3450 876 3504 M.
898 3449 1047 3518 vulgo.-

94 3537 125 3576 on
142 3523 224 3575 toto
212 3524 249 3576 eis
267 3521 341 3591 (Or).
385 3526 411 3575 et
428 3525 482 3574 toto
501 3521 537 3574 iis
554 3520 592 3573 M.
638 3525 663 3573 ct
680 3525 720 3574 tot
742 3519 934 3574 ⁸0anae
1086 3521 1091 3532 '

94 3591 430 3658 omaiawcchV)
468 3609 504 3656 a,
522 3605 689 3654 owooo,
706 3589 779 3644 aa.
