2634 3988
183 233 192 250 ’
230 247 295 314 356
512 249 550 303 n.
570 248 694 304 roem
712 247 903 306 orcnaours

231 393 272 457 sd
303 392 461 478 Lepidum
491 392 720 477 proficiscitur3
755 414 797 457 ne
830 393 868 458 de
899 391 1021 458 Planco
1057 391 1193 476 quidem

231 503 321 565 spem
344 481 449 546 adhuc
472 480 597 565 abiecit,
619 483 657 546 ut
679 503 718 546 er
739 481 856 546 libellis
880 481 948 546 eius
966 480 1193 565 animadverti,

231 570 344 654 quiin
365 591 416 634 me
439 569 630 652 inciderunt,
654 571 690 634 in
713 569 838 654 quibus,
860 591 941 654 quos
965 570 1006 634 ad
1028 568 1193 654 Asinium,

231 679 311 741 quos
335 658 375 722 ad
399 658 565 743 Lepidum,
588 679 668 741 quos
692 659 732 722 ad
754 657 912 723 Plancum
933 659 1089 741 mitteret,
1111 659 1191 722 scri-

229 745 337 811 bebat.
372 745 445 832 Ego
468 749 578 811 tamen
600 767 668 811 non
690 747 791 812 habui
810 747 999 832 ambiguum
1021 749 1054 810 et
1076 746 1192 810 statim

230 834 271 898 ad
294 834 450 900 Plancum
472 835 559 918 misi3
587 839 619 899 et
641 834 739 901 biduo
762 835 803 899 ab
826 833 1060 920 Allobrogibus
1083 837 1116 899 et
1138 837 1191 899 to·

230 923 295 986 tius
318 921 441 988 Galliae
463 923 589 1008 legatos
612 926 775 1008 exspecto,
798 945 879 1006 quos
902 923 1109 989 confirmatos
1131 922 1190 988 do·

196 1026 319 1075 amum
345 1012 516 1076 remittam.
562 1011 626 1095 Tu,
655 1033 737 1097 quoe
764 1012 838 1076 istic
861 1033 942 1096 opus
969 1014 1065 1076 erunt
1086 1011 1190 1076 admi·

230 1099 371 1183 nistrcri‚
392 1100 578 1185 prospicies,
600 1103 637 1165 ut
657 1121 696 1164 cx
708 1103 766 1180 tua
780 1100 946 1166 voluntate
959 1100 1069 1184 reique
1082 1099 1190 1183 publi-

230 1208 286 1252 cae
309 1189 478 1254 commodo
496 1189 587 1253 fiant.
621 1188 868 1253 Malevolentiae
886 1188 1055 1253 hominum
1072 1187 1108 1252 in
1125 1209 1191 1274 me,

230 1276 602 1448 {celtenses
626 1277 1189 1431 St.t.⁰¹²..¹2t¹tts.¹³⁰.⁰..tt.⁰lt

309 1414 319 1448 7
1177 1412 1185 1421 ,

231 1450 390 1517 deterrere
420 1455 567 1536 possunt.
614 1452 667 1516 Pr.
699 1452 784 1520 Non.
811 1452 887 1518 Mai.
922 1469 960 1516 cs
989 1453 1116 1538 cestris,
1148 1475 1190 1518 ex

230 1539 350 1618 finibus
372 1538 634 1606 Statiellensium.

628 1725 631 1730 ’
668 1733 742 1799 XII.

284 1844 341 1900 Ser.
359 1845 466 1900 Romae
483 1845 580 1916 paullo
599 1847 665 1902 ente
682 1844 756 1900 XIV.
775 1846 837 1902 Kal.
855 1847 915 1902 Iun.
933 1863 958 1901 a.
978 1865 1004 1901 u.
1024 1864 1046 1901 c.
1067 1851 1127 1901 ⁷11.

327 1969 364 2024 M.
384 1969 512 2026 CICERO
532 1969 558 2025 S.
577 1970 610 2026 D.
629 1970 662 2026 D.
681 1971 804 2026 BRUTO
824 1971 897 2026 IMP.
917 1969 990 2026 COS.
1009 1969 1087 2025 DES.

196 2085 211 2134 1
297 2069 376 2135 Tres
403 2093 470 2136 uno
493 2071 544 2135 die
566 2092 588 2136 a
608 2073 641 2134 te
665 2072 773 2155 accepi
801 2071 967 2156 epistolas:
994 2092 1094 2136 unam
1115 2070 1188 2134 bre·
1310 2085 1311 2138 3

230 2179 312 2243 vem,
334 2180 431 2243 quam
453 2157 569 2225 Flacco
593 2159 769 2225 Volumnio
793 2159 938 2243 dederas3
961 2159 1041 2225 duas
1063 2159 1188 2242 plenio-

230 2268 295 2331 res,
326 2268 463 2331 quarum
494 2249 630 2312 alterum
661 2247 847 2313 tabellarius
879 2248 915 2313 Τ.
947 2246 1036 2313 Vibii
1067 2247 1189 2330 attulit,

232 2336 366 2400 alteram
389 2335 504 2400 adme
527 2337 616 2401 misit
637 2335 756 2420 Lupus.
792 2336 844 2402 Ex
865 2337 930 2401 tuis
952 2336 1070 2402 litteris
1092 2339 1125 2399 et
1148 2356 1188 2398 ex
1309 2409 1310 2418 ἵ

231 2421 375 2488 Graeceii
398 2425 543 2490 oratione
566 2446 634 2490 ncn
652 2425 747 2490 modo
765 2446 835 2490 non
850 2425 1041 2490 restinctum
1057 2423 1189 2506 bellum,

232 2511 288 2576 sed
312 2512 409 2577 etiam
426 2513 663 2578 inflammatum
679 2513 814 2578 ridetur.
849 2511 927 2578 Non
944 2512 1057 2578 dubito
1078 2515 1189 2578 autem

231 2619 292 2683 pro
313 2603 372 2664 tua
395 2601 552 2686 singulari
573 2601 753 2686 prudentia,
777 2602 855 2685 quin
872 2601 1056 2686 perspicias,
1079 2601 1108 2664 si
1129 2600 1189 2664 ali·

233 2687 309 2770 quid
331 2689 493 2753 firmitatis
515 2692 630 2756 nactus
654 2690 698 2753 sit
718 2688 896 2774 Antonius,
919 2690 1029 2756 omnia
1050 2693 1108 2753 tua
1130 2688 1189 2752 illa
1308 2745 1309 2760 .

231 2778 397 2858 praeclara
418 2778 453 2841 in
475 2799 543 2841 rem
566 2777 728 2862 publicam
750 2778 866 2842 merita
893 2777 934 2842 ad
956 2777 1094 2842 nihilum
1116 2797 1189 2841 osse
1308 2813 1309 2844 l

231 2867 382 2948 ventura,
403 2865 450 2929 ita
473 2866 559 2929 enim
579 2865 717 2932 Romam
740 2869 810 2930 erat
830 2866 1025 2949 nuntiatum,
1047 2865 1094 2929 ita
1115 2885 1189 2948 per·

232 2974 363 3017 suasum
396 2953 558 3036 omnibus,
590 2975 663 3018 cum
694 2954 805 3038 paucis
835 2954 982 3037 inermis,
1008 2953 1188 3038 perterritis

196 3054 213 3103 a
231 3043 333 3124 metu,
359 3041 463 3106 fracto
491 3041 599 3107 animo
620 3043 749 3128 fugisse
771 3041 961 3107 Antonium.
1006 3041 1069 3118 Qui
1090 3042 1116 3107 si
1140 3041 1190 3106 ita

232 3152 265 3196 sc
288 3130 397 3214 habet,
418 3132 464 3214 ut,
486 3129 756 3213 quemadmodum
779 3131 948 3195 audiebam
971 3129 1010 3194 de
1024 3129 1189 3216 Graeceio,
1307 3135 1308 3193 ζ

232 3218 364 3305 confligi
386 3238 459 3284 cum
481 3239 520 3283 eo
547 3218 617 3283 sinc
644 3218 787 3303 periculo
809 3239 877 3284 non
899 3218 1015 3304 possit,
1041 3240 1110 3284 non
1131 3217 1188 3283 ille

302 3445 353 3514 Ep.
370 3450 412 3512 11,
422 3451 446 3499 2.
475 3461 545 3514 quae
562 3459 631 3513 opus
648 3446 700 3498 erit
719 3445 804 3515 (er
820 3474 857 3485 -
874 3445 1187 3512 boccomolobereffl.).
1306 3469 1307 3499 l

231 3514 257 3568 b.
276 3529 298 3567 e.
316 3520 342 3568 tc
365 3515 450 3581 (W.)?
487 3531 523 3568 an
541 3515 566 3568 b.
583 3519 611 3568 te
633 3530 654 3568 c.
679 3513 772 3582 (Man,
791 3515 852 3584 B.)?
876 3545 908 3558 -
931 3531 965 3570 ec
986 3517 1089 3584 finibus
1110 3516 1187 3585 (W.).

232 3583 277 3636 An
294 3600 313 3638 a
329 3585 377 3650 fia.
398 3585 484 3651 (W.)?
519 3584 622 3651 finibus
639 3584 685 3651 M,
703 3585 798 3654 vulgo.
