2610 3980
239 191 282 254 84
520 189 557 244 Μ.
577 188 700 244 TULLII
718 185 907 242 CICERONIS

238 333 480 401 honoratissimi
494 334 686 419 coniunctio,
705 333 794 398 cuius
809 353 886 416 opes
904 331 1081 417 ingenium,
1100 329 1196 396 liberi

239 423 353 488 affines
380 422 552 508 propinqui
583 421 663 487 mihi
694 442 813 506 magno
845 421 897 485 vel
924 422 1114 486 ornamento
1143 422 1196 485 vel

238 512 397 596 praesidio
421 533 488 576 esse
512 510 666 595 possent?
694 531 775 594 quae
797 513 907 574 tamen
934 529 994 596 ego
1023 507 1132 574 omnia
1160 509 1196 574 in
1298 525 1299 534 ³

239 601 417 684 expetenda
449 598 589 663 amicitia
620 601 678 663 tua
709 619 776 663 non
805 598 925 663 astutia
958 596 1110 681 quadam,
1138 598 1195 662 sed
1298 597 1299 674 J

239 689 347 773 aliqua
379 688 486 772 potius
514 687 673 771 sapientia
705 688 832 751 secutus
865 708 944 750 sum.
999 684 1105 762 Quid?
1137 687 1195 750 illa
1298 699 1299 736 l

239 778 376 860 vincula,
390 775 505 860 quibus
520 775 648 859 quidem
661 774 871 839 libentissime
885 773 1057 858 astringor,
1071 778 1195 859 quanta
1298 861 1299 864 Ἴ

240 867 328 930 sunt!
358 864 536 928 studiorum
564 863 752 946 similitudo,
780 864 919 927 suavitas
943 861 1194 947 consuetudinis,
1298 905 1299 914 κ

240 953 409 1017 delectatio
433 952 517 1015 vitae
541 955 636 1036 atque
659 952 772 1035 victus,
794 951 950 1016 sermonis
974 951 1119 1036 societas,
1141 951 1194 1016 lit·
1298 979 1299 982 ¹

239 1045 326 1106 terae
349 1040 526 1106 interiores.
577 1040 684 1124 Atque
711 1039 791 1104 haec
818 1038 1004 1104 domestica:
1032 1039 1109 1124 quid
1136 1040 1195 1104 illa
1298 1059 1299 1120 ,

238 1130 370 1195 tandem
392 1128 583 1214 popularia?
608 1128 730 1194 reditus
757 1128 890 1192 illustris
916 1128 951 1193 in
979 1129 1130 1214 gratiam,
1158 1129 1194 1193 in
1298 1127 1299 1160 ³

239 1241 302 1302 quo
327 1241 368 1282 ne
390 1240 448 1302 per
465 1217 714 1301 imprudentiam
733 1216 861 1300 quidem
879 1217 978 1280 errari
996 1219 1105 1301 potest
1123 1217 1193 1282 sine
1298 1223 1299 1290 j

145 1359 148 1364 .
240 1307 419 1390 suspicione
439 1305 599 1389 perfidiae,
618 1305 806 1388 amplissimi
825 1304 994 1370 sacerdotii
1012 1305 1194 1391 collegium,
1298 1353 1299 1364 ἶ

239 1396 359 1477 inquo
387 1415 455 1458 non
482 1394 578 1458 modo
611 1394 784 1458 amicitiam
806 1393 919 1458 violari
942 1394 1027 1477 apud
1054 1393 1203 1460 maiores
1298 1409 1299 1444 1

239 1487 367 1548 nostros
390 1482 439 1546 fas
458 1502 526 1547 non
545 1484 621 1565 erat,
644 1482 700 1545 sed
718 1503 759 1547 ne
778 1482 922 1566 cooptari
943 1481 1071 1566 quidem
1089 1503 1193 1547 sacer·
1298 1481 1299 1562 Ῑ

240 1570 348 1635 dotem
371 1571 497 1654 licebat,
519 1570 575 1653 qui
598 1569 747 1654 cuiquam
769 1592 807 1635 ex
822 1569 955 1654 collegio
979 1573 1065 1634 esset
1086 1570 1192 1636 inimi·
1298 1583 1299 1646 f

189 1671 220 1716 10
240 1680 304 1723 cus
341 1657 428 1734 Quae
452 1661 489 1722 ut
512 1659 659 1722 omittam
677 1662 745 1724 tarn
762 1660 865 1723 multa
883 1662 979 1743 atque
1000 1661 1101 1743 tanta,
1119 1659 1192 1743 quis
1298 1655 1299 1714 ἕ

239 1769 391 1831 umquam
422 1747 506 1810 tanti
538 1768 730 1831 quemquam
760 1747 838 1811 fecit
869 1751 926 1812 aut
951 1747 1056 1812 facere
1084 1749 1193 1831 potuit
1298 1757 1299 1820 ξ

239 1839 296 1899 aut
314 1835 432 1917 debuit,
451 1835 563 1918 quanti
582 1855 642 1920 ego
662 1833 719 1900 On.
737 1833 934 1920 Pompeium,
953 1855 1098 1900 socerum
1115 1839 1192 1902 tuae
1298 1887 1299 1898 ἶ

238 1923 344 1989 filiae?
390 1923 534 2006 Etenim,
562 1923 590 1986 si
612 1924 726 1988 merita
748 1925 870 2008 valent,
893 1924 1040 2009 patriam,
1061 1924 1191 2010 liberos,
1298 1951 1299 2002 3

239 2013 388 2095 salutem,
411 2011 615 2096 dignitatem,
642 2013 888 2096 memetipsum
914 2012 993 2076 mihi
1020 2013 1193 2097 perillum
1298 2019 1299 2060 i

237 2103 421 2166 restitutum
444 2104 536 2184 puto;
564 2100 591 2164 si
620 2101 859 2166 consuetudinis
886 2100 1080 2185 iucunditas,
1108 2122 1192 2185 quae
1298 2149 1299 2182 3

237 2190 301 2254 fuit
327 2211 480 2274 umquam
507 2189 648 2252 amicitia
675 2190 892 2254 consularium
918 2190 953 2253 in
975 2193 1088 2254 nostra
1115 2190 1192 2255 civi·

237 2283 304 2342 tate
328 2276 549 2342 coniunctior?
579 2278 606 2341 si
628 2277 684 2341 illa
707 2280 824 2343 amoris
848 2281 943 2362 atque
967 2277 1065 2342 officii
1088 2277 1193 2365 signa,

238 2367 315 2449 quid
346 2365 425 2429 mihi
456 2365 510 2428 ille
542 2385 610 2429 non
642 2366 822 2430 commisit?
859 2365 934 2450 quid
966 2387 1034 2430 non
1065 2387 1192 2432 mecum
1298 2391 1299 2452 ξ

238 2453 508 2518 communicavit?
541 2453 617 2536 quid
644 2453 683 2518 de
711 2476 744 2520 se
775 2456 809 2518 in
837 2458 964 2536 senatu,
996 2476 1093 2538 quum
1121 2455 1191 2540 ipse
1298 2469 1299 2528 j

119 2592 122 2598 ⁴
238 2543 372 2626 abesset,
395 2563 451 2625 per
474 2562 667 2626 quemquam
690 2543 743 2628 agi
766 2542 900 2607 maluit?
923 2543 1039 2626 quibus
1061 2543 1115 2608 ille
1138 2565 1192 2608 me

237 2631 332 2694 rebus
364 2651 432 2694 non
464 2633 614 2695 ornatum
646 2653 714 2696 esse
742 2631 844 2695 voluit
875 2629 1092 2714 amplissime?
1125 2653 1192 2716 qua

238 2719 373 2803 denique
396 2719 450 2782 ille
473 2719 637 2802 facilitate,
661 2741 724 2804 qua
745 2719 945 2784 humanitate
964 2721 1040 2785 tulit
1058 2722 1192 2786 conten·

237 2809 357 2872 tionem
377 2830 479 2873 meam
496 2830 555 2892 pro
569 2807 690 2873 Milone
709 2806 897 2873 adversante
915 2808 1077 2874 interdum
1091 2809 1193 2875 actio·
1298 2847 1299 2890 ς

236 2897 337 2960 nibus
356 2897 443 2961 suis?
472 2918 534 2980 quo
559 2897 663 2962 studio
686 2897 839 2982 providit,
861 2917 902 2962 ne
926 2919 1006 2982 quae
1029 2919 1080 2962 me
1102 2897 1192 2964 illius
1298 2909 1299 2966 ἒ

236 2986 390 3070 temporis
404 2985 525 3050 invidia
539 2986 721 3070 attingeret,
740 3007 838 3069 quum
856 3008 906 3050 me
925 2987 1068 3069 consilio,
1089 3008 1193 3071 quum
1298 2989 1299 3042 i

237 3075 441 3158 auctoritate,
469 3095 568 3158 quum
591 3074 687 3138 armis
715 3072 851 3158 denique
873 3075 954 3139 texit
980 3074 1068 3139 suis?
1114 3073 1192 3151 Qui-

236 3163 295 3227 bus
319 3163 448 3248 quidem
470 3161 668 3245 temporibus
695 3161 774 3227 haec
801 3163 836 3227 in
865 3184 902 3228 eo
927 3162 1081 3249 gravitas,
1108 3162 1192 3230 haec
1298 3165 1299 3246 s

313 3392 363 3461 Ep.
385 3397 425 3459 10,
442 3397 496 3446 10.Ι
520 3396 647 3447 orantum
665 3406 718 3446 esse
735 3393 822 3448 uoluit
842 3393 900 3462 (Or.
920 3393 1010 3462 conj.).
1047 3392 1193 3448 ornatissi-

236 3479 308 3516 mum
331 3479 354 3516 o.
379 3463 415 3515 M.
463 3468 635 3518 ornaturae.
662 3462 748 3532 Crat,
772 3464 802 3517 B.
835 3493 866 3505 -
897 3463 1003 3520 Milone
1030 3463 1194 3521 adversante
1298 3447 1299 3520 ff

237 3531 340 3600 (Viae).
379 3533 432 3599 M,
450 3534 636 3591 aduersu-utem
654 3533 718 3588 ΜΒ.
