2636 3986
244 196 311 260 472
526 198 563 252 sl.
583 197 707 252 TULLII
725 196 916 256 CICERONIS

666 445 781 513 LXIX.

522 557 578 613 Ser.
597 558 703 614 Romae
722 577 746 614 a.
766 578 792 630 u,
812 577 835 615 c.
856 566 914 616 ⁷08.

244 679 288 738 M.
302 680 433 738 CICERO
452 681 482 736 P.
501 680 670 738 SERVILIO
690 680 881 741 concretu
901 683 976 740 SAL.
995 684 1200 743 PLURIMAM.

209 801 223 852 1
308 781 343 850 C.
362 780 491 848 Curtius
509 780 645 848 Mithres
664 785 714 847 est
730 783 785 847 ille
804 784 942 869 quidem,
960 787 997 848 ut
1015 785 1087 869 scis,
1104 787 1200 851 liber·

241 875 295 936 tus
317 871 474 955 Postumi,
493 871 739 937 «familiarissimi
757 872 829 956 mei,
853 871 908 938 sed
926 893 978 938 me
996 873 1075 938 colit
1092 878 1125 939 et
1142 876 1199 940 ob-

243 963 349 1026 servet
380 980 479 1044 oeque
511 963 607 1044 atque
638 960 730 1024 illum
761 961 868 1044 ipsum
894 964 1068 1044 patronum
1095 985 1199 1028 suum.

241 1049 339 1134 Apud
365 1069 439 1112 eum
465 1068 526 1132 ego
555 1048 600 1113 sio
622 1047 745 1132 Ephesi
766 1048 826 1132 fui,
854 1049 1116 1135 quotiescumque
1142 1051 1200 1136 lui,

240 1143 408 1222 tamquam
431 1135 518 1201 domi
539 1157 639 1220 meae,
660 1138 825 1221 mutaque
848 1138 1044 1222 ecciderunt,
1071 1139 1107 1204 in
1130 1141 1199 1224 qui·

242 1229 302 1293 bus
335 1230 368 1292 et
397 1225 654 1292 benevolentiam
685 1224 753 1291 eius
785 1246 862 1310 erge
892 1247 944 1290 me
975 1227 1137 1311 experirer
1167 1232 1200 1294 et

241 1315 345 1380 fidem.
389 1311 516 1398 Itaque,
543 1313 672 1398 siquid
697 1315 934 1380 eutmihieut
960 1336 1106 1380 meorum
1133 1316 1200 1380 cui-

240 1405 330 1488 piem
351 1402 387 1467 in
408 1400 490 1468 Asia
512 1423 592 1486 opus
616 1407 677 1485 est,
701 1402 742 1466 ed
768 1402 854 1468 hunc
877 1403 1014 1468 scribere
1037 1405 1200 1489 consuevi,

240 1491 337 1558 huius
360 1511 459 1574 quum
477 1511 575 1573 opera
593 1492 626 1553 et
643 1452 714 1573 lide,
735 1493 806 1554 tum
824 1491 919 1556 domo
943 1494 976 1555 et
992 1513 1027 1554 re
1045 1492 1094 1556 uti
1115 1495 1199 1559 tern-

241 1589 339 1664 qumn
361 1598 441 1642 mee.
485 1575 575 1642 Haec
597 1577 638 1642 ed
660 1581 692 1641 te
716 1597 753 1642 eo
776 1579 921 1662 pluribus
944 1579 1067 1664 scripsi,
1090 1581 1158 1646 ut
1148 1603 1199 1646 m-

240 1668 402 1753 telligeres
424 1687 475 1730 me
498 1687 566 1730 non
587 1661 757 1750 ‘fingere
784 1687 844 1731 nec
871 1667 1054 1750 ambitiose,
1083 1669 1138 1734 sed
1160 1674 1200 1735 ut

240 1777 300 1841 pro
322 1754 453 1820 homine
479 1753 595 1819 intimo
622 1777 659 1820 ec
681 1753 762 1820 mihi
787 1757 1025 1838 pernecessario
1049 1757 1199 1822 scribere.

206 1845 322 1911 2Peto
344 1844 445 1930 igitur
467 1865 487 1907 a
507 1845 549 1927 te,
571 1843 635 1908 ut
625 1865 661 1908 m
679 1863 718 1908 ea
735 1844 960 1928 controversie,
983 1866 1081 1928 quem
1098 1845 1200 1913 babet
1287 1887 1288 1894 κ

180 1933 280 1998 de
306 1933 407 1998 tundo
435 1953 508 1997 oum
539 1932 678 2016 quodam
712 1929 925 2016 Colophonio,
956 1933 1030 1996 et
1019 1954 1056 1997 m
1082 1934 1198 2000 ceteris

240 2023 345 2107 rebus,
367 2023 524 2105 quantum
545 2019 623 2086 fides
645 2023 703 2084 tua
724 2020 865 2104 patietur
892 2024 1112 2105 quanbrmque
1139 2025 1198 2088 tuo

239 2110 408 2178 commodo
426 2107 556 2193 poteris,
573 2111 701 2174 tentum
719 2109 749 2172 ei
766 2107 899 2174 honoris
917 2109 981 2174 mei
999 2130 1097 2174 eausa
1110 2131 1198 2174 oom-

240 2200 360 2282 modes,
383 2197 452 2281 etsi,
474 2200 511 2260 ut
533 2196 602 2262 eius
623 2196 815 2261 modestiam
837 2197 982 2281 cognovi,
1005 2198 1113 2282 gravis
1135 2198 1198 2262 tibi

239 2289 330 2352 nulle
351 2287 387 2352 in
408 2308 442 2352 re
465 2284 538 2348 erit:
569 2284 597 2348 si
619 2290 653 2350 et
678 2306 751 2355 meo
778 2285 1054 2350 commendatione
1082 2288 1116 2350 et
1138 2307 1199 2352 sue

240 2376 400 2458 probitate
428 2374 592 2438 essecutus
619 2373 693 2455 orit,
723 2376 761 2436 ut
790 2373 830 2440 de
853 2394 887 2436 sc
914 2373 996 2437 bene
1023 2373 1198 2458 existimes,

138 2465 142 2474 '
241 2463 350 2562 omnio
372 2482 406 2562 se
429 2461 582 2542 edeptum
604 2461 820 2561 arbitrabitur.
861 2458 907 2524 Ut
928 2461 1029 2546 igitur
1050 2481 1124 2526 eum
1147 2482 1197 2526 re

240 2546 806 2720 certioribusque
826 2552 1198 2721 urtice

239 2725 319 2789 velle
338 2746 481 2810 quaeque
500 2723 542 2788 ed
558 2726 590 2790 te
608 2723 768 2808 pertinere
788 2723 978 2807 arbitrabor,
1000 2725 1111 2793 omnio
1129 2729 1197 2790 stu·

240 2812 329 2878 diose
352 2813 584 2897 diligenterque
607 2812 734 2877 curabo.

309 3037 361 3108 Ep
381 3043 462 3106 69,.1
498 3038 610 3108 culpari
626 3053 699 3092 more
716 3052 765 3092 neo
783 3036 875 3104 (Klotz
861 3038 1009 3106 z..)sutc
1029 3039 1197 3093 commeodo·
1288 3069 1289 3088 1

238 3110 312 3164 tione
333 3125 382 3164 nee
405 3107 471 3177 (W.)
499 3112 549 3161 aut
570 3107 741 3178 culparem
729 3125 761 3162 m
783 3108 890 3162 modum
912 3123 961 3164 oce
983 3107 1061 3176 (W.)
1111 3113 1137 3164 2
1164 3109 1198 3162 ie

237 3111 546 3248 flammeolum
