2676 3984
240 207 307 272 274
522 210 560 263 Μ.
580 209 703 263 TULLII
722 208 913 264 CICERONIS

240 352 327 439 apud
357 352 576 436 Dolabellam,
613 357 772 437 quantum
802 355 830 418 si
862 375 922 440 ego
955 354 1041 439 apud
1078 356 1200 421 sororis

239 443 343 507 filiurn
364 444 514 526 valerem,
536 443 601 506 iam
620 443 700 506 salvi
719 463 788 506 esse
806 465 986 527 possemus3
1008 442 1198 508 Dolabellae

238 553 315 597 uero
338 535 396 596 tuo
420 535 453 595 et
475 530 621 614 gratulor
643 534 676 594 et
698 531 820 616 gratias
844 552 921 616 ago,
950 553 1046 615 quem
1068 532 1198 616 quidem

240 623 375 705 postte
403 619 568 684 consulem
596 619 699 683 solum
731 641 902 703 possumus
929 641 1003 684 vere
1031 622 1197 686 consulem

240 707 378 792 dicere“3
400 706 514 771 deinde
537 708 640 771 multa
663 706 702 770 de
724 708 812 772 facto
835 729 873 771 ae
895 707 935 772 de
957 711 1104 794 regesta
1125 713 1197 774 tua:

222 797 322 862 ‘nihil
353 795 626 881 magnificentius,
657 795 739 860 nihil
769 797 965 880 praeclarius
993 801 1101 861 actum
1127 819 1196 862 um·

240 907 347 970 quam,
368 885 452 948 nihil
469 885 516 948 rei
534 885 681 969 publicae
700 885 886 968 salutarius,
909 887 1005 969 atque
1027 885 1108 950 haee
1130 908 1198 951 una

202 988 302 1039 4vox
330 974 474 1038 omnium
501 977 559 1038 est.
604 972 635 1037 A
661 977 695 1037 te
717 977 826 1037 autem
852 977 942 1058 peto,
968 977 1006 1038 ut
1032 996 1084 1038 me
1109 974 1196 1039 hanc

240 1063 332 1147 quasi
353 1063 471 1126 falsam
491 1061 704 1126 hereditatem
727 1062 850 1126 alienae
874 1062 996 1147 gloriae
1019 1063 1107 1126 sinas
1130 1085 1195 1128 cer-

238 1172 315 1216 nere
337 1171 452 1234 meque
480 1152 589 1235 aliqua
617 1153 770 1234 exparte
796 1151 833 1214 in
856 1151 1043 1221 societatem
1064 1155 1195 1216 tuarum

238 1240 370 1305 laudum
396 1240 506 1304 venire
533 1239 664 1324 patiare.
710 1238 926 1322 Quamquam,
953 1240 998 1303 mi
1024 1237 1195 1304 Dolabella

239 1365 281 1376 -
294 1327 375 1392 haec
393 1328 480 1391 enim
497 1328 622 1392 iocatus
641 1349 712 1391 snm
725 1363 770 1374 -
796 1327 948 1391 libentius
967 1349 1079 1392 omnes
1097 1349 1195 1413 meas,

239 1415 385 1480 simodo
409 1419 485 1479 sunt
508 1416 633 1499 aliquae
662 1435 752 1479 meae
774 1416 899 1499 laudes,
926 1415 968 1479 ad
994 1420 1028 1480 te
1053 1417 1194 1482 transfu-

238 1505 353 1588 derim,
381 1526 489 1587 quam.
505 1504 647 1588 aliquam
672 1507 799 1588 parbem
826 1503 1027 1568 exhauserim
1055 1526 1094 1568 ex
1115 1506 1194 1589 tuis3

237 1615 328 1677 nam,
355 1614 455 1677 quum
476 1595 510 1657 te
533 1613 658 1676 semper
680 1595 809 1656 tantum
832 1592 1008 1675 dilexerim,
1036 1598 1193 1676 quantum

237 1685 274 1746 tu
301 1681 480 1766 intelligere
511 1681 660 1765 potuisti,
686 1683 757 1744 tum
783 1680 836 1745 his
862 1681 928 1745 tuis
954 1682 1049 1746 fache
1076 1682 1123 1746 sio
1145 1682 1193 1746 in·

237 1791 353 1835 census
377 1790 461 1853 sum,
487 1773 525 1834 ut
546 1769 629 1833 nihil
650 1789 804 1853 umquam
830 1769 866 1832 in
888 1791 996 1834 amore
1023 1769 1122 1834 fuerit
1144 1793 1193 1834 ar·

238 1859 379 1943 dentius3
406 1858 489 1923 nihil
511 1862 561 1922 est
583 1857 683 1941 enim,
706 1857 786 1921 mihi
808 1857 910 1941 crede,
932 1857 1051 1922 virtute
1073 1859 1193 1924 formo·
1316 1911 1317 1950 ,

202 1969 219 2018 o
238 1948 314 2032 sius,
327 1947 410 2012 nihil
423 1945 597 2032 pulchrius,
616 1947 699 2011 nihil
717 1946 895 2012 amabilius.
933 1943 1065 2030 Semper
1079 1949 1193 2032 amavi,

237 2041 274 2102 ut
293 2037 364 2120 sois,
381 2035 425 2100 M.
443 2035 582 2100 Brutum
599 2038 732 2119 propter
749 2035 817 2099 eius
836 2056 997 2100 summum
1016 2035 1193 2120 ingenium,

237 2125 445 2190 suavissimos
481 2145 600 2207 mores,
636 2124 833 2209 singularem
869 2123 1063 2208 probitatem
1095 2128 1192 2208 atque

236 2215 470 2280 constantiam:
491 2215 603 2277 tamen
624 2211 736 2276 Idibus
758 2211 885 2276 Martiis
907 2215 1035 2276 tantum
1058 2213 1193 2277 accessit

236 2302 278 2368 ad
301 2323 452 2384 amorem,
475 2304 512 2364 ut
534 2301 668 2364 mirarer
685 2301 793 2364 locum
809 2300 909 2364 fuisse
929 2300 1069 2386 augendi
1091 2301 1125 2366 in
1144 2323 1192 2384 eo,

236 2389 323 2475 quod
349 2389 430 2452 mihi
456 2387 646 2472 iampridem
674 2388 872 2452 cumulatum
896 2389 993 2454 etiam
1014 2388 1191 2454 videbatur.

236 2477 315 2554 Quis
338 2480 416 2559 erat,
438 2476 494 2560 qui
515 2478 645 2560 putaret
667 2475 708 2539 ad
731 2496 804 2540 eum
822 2497 974 2561 amorem,
996 2498 1091 2561 quem
1114 2499 1192 2564 erga

234 2568 281 2634 te¹
294 2564 468 2647 habebam,
495 2585 590 2647 posse
622 2564 742 2648 aliquid
773 2564 944 2629 accedere?
984 2568 1113 2630 tauhun
1140 2588 1190 2631 ac·

236 2654 344 2736 cessit,
371 2657 408 2717 ut
430 2653 510 2717 mibi
536 2673 624 2717 nunc
646 2652 783 2738 deniquo
810 2674 917 2718 amare
945 2653 1068 2737 ridear,
1094 2658 1192 2720 antea

200 2755 217 2804 e
236 2742 392 2806 dilexisse.
437 2741 543 2818 Quare
566 2742 642 2826 quid
666 2745 728 2825 est,
755 2741 841 2826 quod
865 2761 925 2827 ego
948 2745 980 2806 te
1002 2742 1127 2826 horter,
1154 2748 1192 2808 ut

236 2830 388 2915 dignitati
415 2833 448 2894 et
470 2831 591 2915 gloriae
619 2829 761 2896 servias?
792 2851 973 2915 proponam
999 2831 1060 2895 tibi
1087 2833 1191 2896 claros

235 2919 331 3001 viros,
354 2918 440 3002 quod
462 2919 569 2984 lacere
592 2920 706 3003 solent,
729 2920 784 3004 qui
806 2918 1000 2983 hortantur?
1029 2920 1191 2984 neminem

233 3007 339 3073 habeo
362 3007 531 3071 clariorem
548 3029 645 3092 quam
662 3011 695 3072 te
713 3008 833 3092 ipsum3
854 3011 887 3072 te
905 3007 1030 3071 imitere
1053 3012 1191 3092 oportet,

234 3099 343 3161 tecum
363 3095 433 3179 ipse
456 3098 571 3160 certes:
598 3117 640 3160 ne
661 3096 738 3160 licet
764 3096 893 3180 quidem
914 3095 975 3159 tibi
1001 3097 1067 3160 iam
1088 3097 1191 3161 tantis

200 3205 215 3254 s
234 3185 331 3249 rehu
354 3183 454 3269 gestis
477 3205 545 3248 non
566 3184 615 3248 tui
637 3184 774 3248 similem
792 3206 870 3249 esse.
907 3183 1000 3260 Quod
1022 3206 1122 3269 quum
1143 3186 1192 3250 ita

236 3273 287 3357 slt,
308 3273 452 3338 hortatio
475 3294 543 3338 non
565 3274 615 3336 est
634 3273 823 3357 necessaria,
846 3272 1064 3359 gratulatione
1085 3274 1191 3360 magis

305 3480 357 3549 Ep.
378 3487 419 3548 14,
434 3487 458 3534 3.
495 3485 570 3549 uesta
588 3485 651 3534 tua:
673 3481 745 3534 odiit
764 3480 840 3549 (W).
875 3485 965 3550 geaten
983 3486 1041 3535 tum
1058 3497 1086 3536 o.
1105 3481 1139 3536 hl.
1161 3484 1192 3536 et

234 3548 271 3602 M.
291 3550 327 3602 ad
345 3551 413 3618 Att,
430 3551 525 3620 vulgo.
561 3566 601 3619 g:
619 3551 690 3604 mail
709 3551 793 3620 (w.)t
