2636 3986
105 224 109 237 ¹
241 213 308 280 436
523 215 562 270 Μ.
580 214 705 270 TULLII
723 213 915 271 CICERONIS

675 464 764 532 XIX.
837 461 840 466 .

497 575 556 632 Ser.
583 576 689 632 Romae
717 594 742 632 a
770 595 798 634 n
824 594 847 632 o.
877 582 936 633 708.

533 699 662 757 CICERO
680 701 812 757 SERVIO
832 701 908 756 SAL,

208 816 223 866 1
308 797 391 866 Cum
417 799 545 886 Lysone
572 801 722 867 Patrensi
748 804 799 867 est
823 801 905 866 mihi
935 799 1064 887 quidem
1090 799 1202 886 hospi-

242 889 325 954 tium
347 893 449 973 vetus,
471 911 569 974 quam
591 911 653 976 ego
671 890 941 956 necessitudinem
960 893 1071 956 sancte
1092 891 1203 956 colen·

242 977 318 1042 dam
339 981 433 1063 put03
460 979 516 1043 sed
544 1001 582 1044 ee
604 1000 703 1044 causa
729 979 828 1043 etiam
855 1001 928 1045 cum
957 979 1028 1044 aliis
1056 981 1202 1064 complu·

241 1066 345 1152 ribus,
370 1066 574 1132 familiaritas
600 1070 696 1132 tante
720 1067 813 1133 nullo
835 1089 908 1132 cum
929 1067 1072 1153 hospite,
1099 1071 1133 1132 et
1164 1089 1203 1132 ea

242 1177 342 1240 quum
364 1155 481 1220 officiis
503 1156 572 1222 eius
593 1156 719 1240 multis,
744 1159 816 1221 tum
843 1156 941 1221 etiam
967 1156 1202 1222 consuetudine

243 1243 432 1327 quotidiana
458 1245 505 1310 sic
527 1248 578 1311 est
599 1249 708 1328 aucta,
733 1248 772 1310 ut
797 1243 880 1309 nihil
907 1245 951 1309 sit
978 1244 1202 1310 familiaritate

242 1336 355 1397 nostra
377 1333 589 1398 coniunctius.
628 1331 663 1398 Is
685 1355 785 1418 quum
807 1332 931 1398 Romae
953 1355 1076 1398 annum
1097 1355 1201 1419 prope

241 1421 289 1484 ita
305 1421 429 1505 diisset,
451 1425 490 1486 ut
506 1443 632 1487 meeum
649 1421 780 1505 viveret,
802 1422 863 1486 etsi
881 1443 1008 1487 eramus
1025 1421 1061 1486 in
1079 1443 1202 1508 magna

175 1555 179 1566 .
243 1529 300 1592 spe
317 1512 350 1573 te
368 1510 448 1574 meis
464 1510 582 1574 litteris
600 1509 941 1594 commendationeque
955 1510 1201 1596 diligentissime

241 1597 404 1662 factumn
425 1597 473 1683 id,
499 1598 586 1683 quod
607 1597 727 1684 fecisti,
753 1602 792 1663 ut
813 1599 881 1664 eius
904 1620 972 1664 rem
995 1603 1028 1663 et
1049 1599 1200 1666 fortune

221 1686 386 1752 absentis
412 1689 551 1771 tuerere,
581 1691 706 1772 tamen,
737 1687 823 1772 quod
850 1685 1011 1753 inlunius
1037 1691 1199 1773 potestate

243 1777 337 1839 erent
359 1776 469 1840 omnia
495 1780 529 1841 et
555 1775 641 1860 quod
663 1781 748 1861 Lyso
770 1776 878 1841 fueret
903 1776 940 1840 in
966 1780 1080 1842 nostra
1102 1799 1200 1842 causa
1275 1851 1276 1854 Ἴ

241 1864 426 1949 nostrisque
456 1864 639 1949 praesidiis,
670 1864 813 1948 quotidie
845 1865 967 1949 aliquid
992 1865 1200 1949 timebamus5
1275 1855 1276 1904 l

243 1953 391 2018 effectum
421 1958 532 2019 tamen
564 1957 614 2018 est
639 1956 674 2017 et
699 1953 800 2038 ipsius
827 1953 997 2038 splendore
1025 1957 1058 2019 et
1085 1957 1198 2020 nostro

242 2042 502 2126 reliquorumque
519 2042 686 2127 hospitum
705 2041 821 2126 studio,
838 2045 876 2106 ut
894 2041 1012 2126 omnia,
1035 2064 1116 2126 quse
1133 2043 1199 2106 vel·

242 2130 354 2215 lemus,
376 2153 397 2196 a
419 2129 555 2196 Caesare
577 2132 841 2215 impetrarentur,
867 2130 954 2214 quod
975 2131 1137 2216 intelliges
1159 2153 1200 2196 ex

206 2218 283 2283 riis
313 2219 443 2305 litteris,
474 2241 555 2304 quas
583 2217 702 2284 Cacsar
733 2218 774 2282 ed
805 2222 838 2283 te
866 2218 962 2283 dedit.
1005 2217 1114 2284 Nune·
1130 2240 1199 2284 nou

242 2307 339 2372 modo
367 2329 435 2373 non
461 2309 656 2373 remittimus
681 2307 742 2372 tibi
765 2306 887 2390 aliquid
914 2328 953 2370 ex
977 2309 1092 2373 nostra
1114 2329 1199 2374 com·

242 2395 464 2480 mendatione,
485 2397 578 2481 quasi
600 2396 709 2479 adepti
731 2395 796 2460 ianr
820 2396 942 2479 omnia,
965 2394 1020 2459 sed
1044 2418 1082 2462 eo
1105 2396 1198 2461 vehe-

242 2484 383 2547 mentius
414 2506 435 2549 a
460 2487 493 2548 te
525 2485 763 2568 contendimus,
789 2487 827 2548 ut
853 2483 1015 2569 Lysonem
1041 2485 1077 2548 in
1103 2484 1199 2549 fidem

242 2571 575 2656 necessitudinemque
601 2577 693 2638 turam
719 2573 867 2657 recipies:
896 2573 987 2637 ouius
1009 2572 1108 2638 dubia
1132 2572 1198 2637 for-

242 2660 324 2722 tuna
354 2659 498 2724 timidius
528 2664 637 2726 tecum
669 2661 858 2746 egebamus,
887 2663 1035 2726 serentes
1057 2661 1198 2746 nequid

244 2746 403 2813 accideret
424 2749 589 2834 eiusmodi,
611 2753 649 2814 ut
671 2771 712 2814 ne
734 2752 771 2814 tu
790 2750 919 2834 quidem
935 2749 1057 2814 mederi
1074 2770 1198 2834 posses;
1273 2801 1274 2804 η

244 2836 410 2919 explorata
432 2859 509 2903 vero
531 2839 600 2904 eius
622 2838 845 2903 incolumitate
868 2838 977 2903 omnia
1000 2860 1020 2903 a
1042 2841 1075 2902 te
1097 2840 1196 2918 †stu·

244 2923 298 2986 dis
321 2945 445 2989 summo
468 2947 546 2991 cura
567 2930 652 3010 peto.
688 2925 778 3002 Quae
800 2946 842 2990 ne
860 2927 989 3011 singule
1006 2947 1197 3010 enumerem,

242 3015 348 3076 totam
368 3011 430 3076 tibi
453 3012 584 3078 domum
606 3014 809 3097 commendo,
830 3014 866 3078 in
887 3015 939 3079 his
962 3014 1196 3080 adolescentem

243 3100 346 3165 filium
367 3100 446 3185 eius,
468 3121 563 3185 quem
576 3101 611 3168 C.
623 3102 772 3168 Maenius
790 3101 960 3187 Gemellus,
982 3103 1082 3168 cliens
1099 3124 1195 3186 meus,

314 3275 366 3345 Rp.
386 3282 467 3344 19,1.
499 3277 649 3344 ριιΐος·οοά
666 3293 699 3332 ca
714 3277 893 3332 musocticm
911 3277 1087 3349 (M.,vulgo).
1119 3281 1192 3348 pcto.
1272 3285 1273 3288 ’

243 3346 291 3400 scd
312 3363 345 3400 ea
367 3361 389 3401 c.
412 3351 451 3401 est
472 3347 555 3402 cuam
578 3345 619 3413 L,
637 3346 668 3400 Β.
719 3352 743 3404 2.
770 3347 902 3413 †etcds'a
922 3363 1026 3404 summo
1048 3352 1193 3417 scrupeo

245 3415 302 3482 (M,
315 3417 381 3484 W.).
407 3432 511 3471 commo
523 3417 624 3481 dudio,
636 3432 743 3471 sumum
755 3431 823 3472 ocra
832 3434 863 3486 p.
874 3417 941 3486 (W.)
951 3421 1001 3473 aut
1013 3435 1034 3473 s.
1048 3435 1070 3474 s.
1084 3435 1192 3474 summa·

245 3501 295 3551 quc
313 3501 381 3540 crea
394 3501 425 3553 p.
449 3487 533 3554 (Asc.)
553 3488 604 3540 aut
620 3501 641 3540 s.
662 3502 685 3542 s.
704 3491 730 3541 ct
746 3503 767 3541 s.
786 3503 808 3542 c
823 3503 854 3558 p.
876 3487 951 3558 (W.).
987 3491 1079 3545 studio
1095 3503 1192 3545 summ

246 3569 366 3624 curaque
378 3560 443 3624 pcto
461 3555 505 3622 N,
524 3554 556 3608 B.
