2658 3986
225 229 293 295 204
509 229 546 284 n.
566 225 690 283 TULLII
707 225 899 282 CICERONIS

680 477 721 542 X.

368 589 426 647 Sor.
444 590 549 646 Romae
563 606 658 645 mense
676 589 824 648 Decembri
842 606 867 644 a.
885 607 913 644 ιι.
931 607 954 657 c.
975 595 1034 646 ⁸100.

442 713 505 786 [ιι]
523 711 655 772 croeso
671 713 750 770 su
770 679 962 772 sanusne

192 832 205 881 ι
292 815 374 902 Legi
390 818 466 880 tuas
481 814 616 899 litterae,
639 835 678 879 ex
700 814 818 898 quibus
834 815 978 880 intellexi
1000 819 1035 880 te
1052 813 1188 881 Caesari
1322 773 1323 778 1

225 909 338 972 nostro
365 903 458 970 valde
485 865 683 969 iurecortsult
683 925 739 970 um
760 903 876 969 videm.
902 907 964 989 est,
991 904 1077 989 quod
1105 925 1185 990 guu-
1322 911 1323 968 ἶ

226 995 303 1060 deas
325 993 391 1060 te
380 1015 417 1058 m
438 993 503 1058 ista
524 993 597 1058 loca
618 993 757 1076 uenisse,
780 993 837 1057 ubi
859 955 980 1077 aliquitl
1003 1015 1114 1078 supere
1137 993 1186 1058 ri-

227 1085 345 1150 derere.
390 1081 483 1159 Quod
510 1081 600 1149 siin
628 1043 834 1146 Britanniam
864 1103 993 1166 quoqne
1018 1082 1188 1169 profectus
1322 1047 1323 1106 t

227 1195 326 1258 esses,
352 1171 499 1257 profecto
526 1192 624 1236 nemo
649 1171 685 1235 in
710 1171 769 1235 illa
793 1173 888 1235 tanta
914 1171 1021 1236 insula
1049 1171 1185 1255 peritior
1230 1253 1232 1258 Ι

225 1266 259 1327 tc
286 1262 410 1327 fuisset.
454 1258 578 1325 Verum
604 1263 715 1324 tamen
737 1295 779 1306 -
802 1259 963 1324 rideamus
989 1260 1079 1343 licet3
1111 1282 1183 1324 sum

227 1351 314 1414 enim
332 1371 352 1413 a
368 1352 401 1413 te
418 1348 575 1413 inritatus
589 1384 631 1395 -
647 1347 835 1414 subinvideo
848 1347 918 1433 tibi,
935 1349 1021 1414 ultro
1040 1353 1068 1413 te
1085 1349 1184 1413 etiam

227 1438 417 1504 arcessitum
448 1436 488 1500 ab
521 1457 573 1520 co,
609 1437 651 1502 ad
682 1457 779 1522 quem
809 1437 920 1522 celeri,
952 1459 1021 1503 non
1051 1440 1184 1522 propter
1322 1485 1323 1536 ,

229 1526 413 1611 superbiam
435 1525 513 1609 eius,
535 1525 592 1589 scd
613 1527 747 1610 propter
766 1526 1019 1610 occupationem,
1041 1526 1183 1610 aspirare
1322 1565 1323 1596 ι

193 1637 295 1685 anon
321 1616 468 1699 possunt.
517 1611 580 1677 Sed
606 1617 643 1678 tu
670 1614 706 1678 in
731 1615 795 1678 ista
826 1615 964 1698 epistola
990 1613 1073 1680 nihil
1103 1613 1184 1681 mihi
1322 1677 1323 1684 ,

229 1703 385 1788 scripsisti
407 1701 449 1766 do
467 1701 534 1766 tuis
560 1701 672 1786 rebus,
698 1723 780 1788 quae
806 1703 986 1768 mehercule
1013 1703 1094 1767 mihi
1115 1725 1184 1768 non
1322 1705 1323 1738 ³

228 1792 346 1858 minori
373 1811 470 1856 curae
495 1793 573 1855 sunt
602 1812 700 1874 quam
726 1813 826 1856 meaa
870 1791 976 1878 Valde
997 1795 1119 1876 metuo,
1141 1813 1187 1856 ne

227 1881 348 1967 frigeas
373 1880 411 1946 in
435 1879 594 1964 hibernia3
624 1880 833 1964 quamobrem
859 1881 986 1946 camino
1018 1881 1186 1946 luculento

228 1969 384 2036 utendum
420 1989 546 2053 censeo,
576 1968 662 2034 idem
691 1967 799 2034 Mucio
836 1972 869 2033 et
908 1954 1043 2035 Manilio
1078 1970 1186 2053 place·

93 2092 96 2096 ·
228 2061 298 2144 bat,
329 2057 519 2148 praesertim
546 2058 602 2142 qui
628 2059 717 2143 sagis
748 2079 816 2122 non
848 2057 1041 2122 abundares:
1074 2079 1186 2210 (Ihm
1322 2069 1323 2072 ’

1076 2169 1098 2210 ιι
1133 2167 1185 2210 em
1314 2168 1318 2179 ·

229 2171 327 2233 quem
348 2169 406 2213 uos
424 2168 513 2213 nune
530 2147 603 2211 istic
622 2147 702 2212 satis
719 2147 823 2211 calere
840 2146 949 2230 auditu
972 2168 1036 2230 quo

229 2237 347 2304 nuntio
372 2237 466 2302 valde
493 2235 674 2300 mehercule
701 2234 740 2300 de
765 2238 800 2299 te
825 2235 1006 2300 timueram.
1055 2167 1121 2299 ted
1148 2237 1186 2298 ιιι

228 2327 265 2390 1ιι
290 2347 328 2390 re
352 2324 485 2401 militari
510 2323 613 2388 multo
643 2344 677 2388 es
709 2323 836 2390 cautior
860 2345 957 2408 quam
987 2325 1023 2387 in
1050 2322 1185 2388 advoca-

228 2413 382 2497 tionibus,
404 2412 460 2496 qui
480 2431 586 2496 neque
607 2412 643 2475 in
661 2409 793 2477 Oceano
812 2415 926 2478 natare
948 2411 1097 2496 volueris,
1118 2415 1185 2476 stu·

230 2500 430 2566 (bosissinrus
442 2499 542 2565 homo
559 2499 695 2564 natandi
694 2521 820 2585 ,neque
835 2504 981 2587 spectare
998 2500 1186 2585 essedarios,
1322 2475 1323 2558 f

230 2609 326 2674 quem
352 2591 449 2653 antea
475 2609 517 2652 ne
539 2587 702 2653 andabata
728 2588 857 2673 quidem
880 2589 1069 2654 defraudare
1095 2592 1186 2674 pete-

197 2697 349 2746 aramus
385 2675 480 2742 Sed
470 2699 536 2741 ram
559 2677 638 2742 satis
652 2677 757 2742 iocati
780 2699 899 2743 sumus.
934 2683 1003 2764 Ego
1026 2677 1066 2744 de
1087 2680 1121 2741 te
1144 2677 1187 2742 ad

111 2775 114 2782 '
231 2763 401 2832 Camarum
436 2787 534 2850 quom
569 2765 741 2851 diligenter
776 2766 971 2850 scripserim,
1007 2768 1077 2831 tute
1114 2767 1186 2851 scis,
1322 2857 1323 2870 ,

231 2875 329 2940 quam
351 2875 456 2940 suepe,
478 2875 553 2940 ego,
576 2854 632 2920 scd
654 2854 869 2919 mehercule
857 2875 923 2919 ram
940 2855 1187 2938 intermiseram,

229 2964 272 3008 ne
294 2942 420 3007 viderer
436 2943 653 3010 liberalissimi
669 2943 812 3008 hominis
829 2944 955 3028 meique
973 2904 1187 3010 amantissimi

230 3031 391 3098 voluntati
418 3051 496 3116 erga
517 3052 569 3096 me
592 3031 750 3115 diffidere3
776 3031 833 3096 sed
859 3034 970 3096 temen
994 3032 1034 3098 iis
1060 3031 1187 3114 litteris,

231 3143 311 3206 quer
334 3119 478 3205 proxime
505 3119 591 3204 dedi,
618 3119 732 3204 putavi
758 3140 827 3186 esre
853 3119 1019 3186 hominem
1047 3141 1187 3186 commo·

230 3209 387 3276 nendum:
412 3208 446 3273 id
468 3207 544 3292 feci3
571 3208 649 3292 quid
670 3207 870 3294 profecerim,
891 3208 994 3276 facias
1014 3231 1067 3274 me
1089 3209 1187 3274 velim

231 3299 400 3363 certiorem
426 3299 460 3362 et
476 3297 583 3362 ‘simul
614 3296 652 3361 de
678 3300 750 3361 toto
777 3299 865 3362 statu
891 3299 951 3362 tuo
981 3297 1187 3382 consiliisque

232 3387 395 3470 omnibus3
422 3385 503 3465 scire
526 3384 612 3449 enim
635 3385 744 3469 cupio,
766 3385 843 3468 quid
866 3406 954 3470 agas,
977 3386 1055 3471 quid
1077 3406 1187 3470 exspe-

232 3477 313 3557 ctes,
336 3496 433 3558 quam
456 3475 591 3559 longum
613 3473 713 3548 istum
733 3476 827 3538 tuum
851 3473 1027 3538 discessum
1050 3496 1070 3539 a
1092 3473 1188 3539 nobis

195 3571 214 3620 4
230 3560 376 3626 futurum
389 3565 497 3648 putes:
521 3563 567 3626 sic
581 3561 667 3626 enim
680 3561 740 3626 tibi
754 3560 947 3645 persuadeas
961 3562 1066 3645 velim,
1085 3583 1188 3626 unum
1322 3621 1323 3626 ,
