2578 3982
244 199 310 264 656
499 199 678 256 misnens
696 197 728 264 Q.
745 196 942 254 CICERONIS

204 360 230 403 π
244 345 385 429 quentin
421 342 531 409 Tertio
552 347 602 408 est
623 365 664 410 ex
683 343 748 408 hoc
769 363 887 428 genere
908 342 1057 408 assiduo
1082 347 1221 409 mecm·

244 439 352 498 torum
375 433 481 516 copie:
512 433 548 496 in
574 453 613 498 eo
644 452 725 515 quos
747 430 950 498 voluntarios
973 430 1146 516 hebebis,
1173 454 1221 497 cn·

243 524 316 588 reto
346 524 385 585 ut
414 520 601 604 intelligant
630 522 663 583 te
695 518 758 584 sibi
787 519 824 583 in
853 521 1065 602 perpetuum
1096 542 1220 586 summo

244 609 398 675 beneficio
431 606 581 693 obligeri3
609 607 665 692 qui
696 609 805 673 entem
834 605 895 670 tibi
926 606 1078 692 debent,
1115 609 1159 673 ab
1184 610 1219 672 iis
1247 617 1248 644 ²

243 697 340 782 plane
362 696 426 764 hoc
447 717 565 760 munus
587 695 722 780 exigito,
748 694 805 778 qui
832 714 890 778 per
912 697 1070 762 oetatem
1102 717 1144 762 uc
1170 719 1218 760 ne

244 785 371 871 gotium
400 787 567 869 poterunt,
597 783 662 868 ipsi
690 786 798 848 tecum
823 785 862 848 ut
887 781 1020 848 assidui
1051 784 1143 868 sint,
1168 785 1217 868 qui

243 873 307 957 ipsi
329 873 445 938 sectori
470 892 539 937 non
560 873 727 955 poterunt,
754 870 955 937 necessarios
980 893 1069 937 suos
1099 873 1141 937 in
1162 873 1215 938 hoo

244 981 377 1026 munero
400 960 609 1026 constituent
648 958 753 1024 Valde
775 979 836 1045 ego
858 962 891 1023 te
913 959 992 1024 volo
1020 964 1062 1024 et
1084 961 1132 1025 ad
1154 983 1215 1024 ren

244 1050 404 1133 pertinere
436 1048 575 1112 arbitror
611 1069 737 1131 semper
772 1068 846 1112 cnm
880 1046 1110 1114 multitudine
1142 1071 1213 1114 esse.

204 1140 231 1184 ³⁸
243 1136 415 1203 Praetereo
426 1155 579 1220 magnum
593 1135 705 1200 offeret
720 1135 849 1202 leudem
867 1138 901 1198 et
917 1156 1095 1200 summam
1115 1137 1212 1222 digni·

243 1228 358 1309 tutem,
384 1225 413 1290 si
438 1224 463 1288 ii
487 1227 596 1289 tecum
618 1226 726 1306 erunt,
753 1223 809 1307 qui
836 1244 856 1287 e
880 1225 914 1287 te
941 1222 1081 1289 defensi
1106 1226 1212 1308 etqui

243 1334 301 1398 per
332 1317 365 1378 te
397 1313 516 1378 servati
550 1332 588 1375 no
619 1310 744 1375 iudiciis
780 1310 908 1376 liberati
939 1314 1039 1375 sunt:
1079 1313 1149 1378 hoc
1180 1317 1211 1376 tu

242 1402 339 1485 plene
362 1401 403 1464 eb
425 1400 466 1464 iis
488 1399 667 1484 postulato,
688 1403 738 1481 ut,
764 1399 918 1482 quonium
939 1399 1039 1462 nulla
1062 1401 1211 1485 impense

243 1509 302 1572 per
327 1491 360 1551 te
388 1488 445 1551 elii
470 1508 552 1570 rem,
583 1487 638 1550 elii
655 1486 882 1568 honestatem,
913 1486 970 1550 elii
998 1487 1153 1554 salutern
1179 1510 1211 1553 sc

243 1575 392 1640 fortunus
412 1595 524 1640 omnes
547 1574 748 1640 obtinuerint
764 1595 825 1640 nec
840 1572 928 1639 eliud
945 1573 1058 1639 ullum
1081 1579 1209 1660 tempus

243 1664 389 1729 futurum
411 1663 466 1747 sit,
492 1662 549 1726 ubi
575 1663 635 1726 tibi
657 1661 777 1726 referre
804 1661 944 1747 gretiam
969 1663 1127 1749 possint,
1153 1665 1209 1730 hoc

221 1756 276 1817 'te
299 1751 406 1818 officio
427 1754 681 1816 remunerentur.

201 1823 234 1870 ¹⁰
309 1840 368 1924 Et,
399 1839 552 1924 quonium
578 1839 614 1902 in
640 1838 817 1904 amicorum
844 1837 959 1902 studiis
985 1837 1075 1904 hoec
1103 1841 1209 1905 omnis

203 1889 230 1928 ⁸⁹
243 1929 326 1994 retio
353 1931 513 2010 versetrrr,
540 1926 595 2010 qui
621 1925 711 1992 locus
737 1927 774 1992 in
799 1926 862 1991 hoo
888 1946 1007 2011 genere
1041 1929 1209 1994 uerendus

244 2016 299 2100 sit,
325 2014 647 2100 praetermittendum
676 2035 746 2080 non
776 2013 915 2079 videtur:
945 2013 1078 2080 medis
1111 2019 1209 2100 utque

243 2104 434 2169 insidiarum
463 2107 496 2168 et
526 2100 678 2186 perfidiae
710 2102 807 2186 plene
842 2105 920 2167 sunt
950 2102 1075 2168 omnis.
1131 2102 1208 2169 Non

244 2195 294 2256 est
323 2191 420 2256 huius
450 2191 606 2275 temporis
637 2193 794 2274 perpetue
823 2190 881 2254 ille
911 2189 951 2254 de
981 2190 1048 2256 hoc
1088 2211 1207 2276 genere

244 2278 433 2363 disputatio,
468 2279 584 2362 quibus
619 2277 716 2342 rebus
752 2278 926 2343 benevolus
959 2281 997 2342 et
1032 2278 1207 2345 simulator

244 2366 411 2432 diiudicari
437 2367 577 2451 possint3
607 2368 736 2430 tuntum
763 2369 814 2432 est
838 2365 935 2430 huius
962 2367 1128 2449 temporis
1156 2369 1205 2433 sd·

243 2475 388 2519 monere:
427 2475 553 2518 summe
587 2457 645 2518 tue
677 2453 780 2518 virtus
816 2453 945 2519 eosdem
979 2452 1139 2520 homines
1177 2461 1205 2520 et

244 2541 394 2606 simulare
424 2540 487 2605 tibi
517 2561 551 2604 se
582 2561 653 2606 esse
689 2541 808 2606 amicos
840 2545 874 2606 et
903 2540 1048 2606 invidere
1083 2545 1205 2630 coegit

247 2629 456 2714 quemobrem
474 2622 707 2714 Ἐιιιχάρμειον
732 2628 813 2694 illud
839 2631 963 2694 teneto:
989 2651 1132 2714 ,nervos
1161 2637 1205 2697 ut-

243 2741 305 2803 que
341 2721 431 2784 artus
469 2738 540 2784 esse
573 2717 751 2802 supientiae
786 2739 855 2783 non
876 2721 1009 2782 temere
1044 2719 1204 2786 credere“.

202 2819 230 2859 4⁰
243 2806 301 2890 Et,
337 2828 436 2890 quum
468 2809 599 2871 tuorum
629 2805 807 2870 amicorum
843 2804 950 2870 studio
984 2807 1205 2892 constitueris,

242 2897 313 2958 tum
341 2894 439 2958 etiem
466 2893 719 2958 obtrectatorum
748 2897 845 2977 utque
872 2893 1134 2960 adversariorum
1156 2918 1203 2960 ro-

243 2981 349 3046 tiones
372 2984 405 3045 et
423 3001 543 3065 genere
560 2981 757 3065 cognoscito.
793 2980 884 3046 Heec
900 2981 965 3045 tn’e
983 2984 1074 3046 sunt:
1092 3005 1204 3065 unum,

244 3089 324 3151 quos
346 3068 483 3152 laesisti3
510 3069 660 3152 altem,
687 3069 835 3153 quisine
862 3089 959 3134 causo
980 3089 1049 3134 non
1076 3075 1203 3152 amunt5

243 3155 385 3242 tertium,
408 3156 463 3241 qui
486 3157 733 3240 competitorum
755 3157 848 3222 valde
871 3156 966 3222 amici
987 3158 1074 3222 eunt.
1116 3157 1202 3235 Quos

314 3387 345 3449 9,
364 3387 407 3438 37.
443 3382 608 3437 mcessorioe
634 3397 698 3438 enoc
725 3383 839 3452 (vulgo).
888 3398 910 3438 s,
933 3399 961 3437 n.
984 3381 1057 3450 Eri,
1075 3382 1109 3437 B.
1160 3391 1199 3438 38.

244 3451 339 3590 idid?
361 3452 436 3522 (W.).
483 3453 565 3520 affert
586 3452 682 3522 vulgo.
710 3481 744 3493 -
770 3453 821 3508 hoc
841 3457 874 3508 tu
901 3450 963 3520 (Ox.
987 3451 1038 3519 Τ.).
1082 3453 1151 3511 huet
1173 3461 1201 3509 tu
