2578 3982
249 241 507 297 EPISTOLARUM
525 242 574 298 Ao
594 241 626 307 Q.
646 241 821 298 FRATREM
838 241 885 295 111.
905 247 929 296 4.
1001 239 1066 305 633

112 406 173 472 ego
196 386 244 450 illi
267 385 349 450 nihil
376 386 538 470 deberem,
564 387 619 450 ille
641 385 721 450 mihi
748 387 870 470 omnia,
896 389 1005 452 tamen
1032 386 1067 450 in

112 474 300 558 republica
322 495 373 539 me
396 496 416 540 a
438 496 472 540 se
495 475 737 540 dissentientem
754 495 822 539 non
840 474 916 540 tulit
929 511 971 522 —
985 474 1067 538 nihil

114 559 218 628 dicam
241 563 371 647 gravius
384 598 426 610 -
442 567 474 628 et
496 563 602 628 minus
625 567 742 647 potens
764 583 803 628 eo
821 566 974 648 tempore,
992 562 1068 646 quid

114 651 149 714 in
171 671 222 714 me
244 649 413 716 florentem
435 655 558 736 posset,
581 651 736 735 ostendit,
762 672 862 734 nunc,
885 673 984 735 quum
1006 671 1067 736 ego

115 759 155 802 ne
179 759 286 804 curem
309 739 438 823 quidem
460 740 598 805 multum
619 761 728 824 posse,
753 761 805 806 res
832 739 962 825 publica
984 742 1069 804 certe

116 826 197 892 nihil
219 827 335 911 possit,
358 849 441 894 unus
464 828 517 892 ille
541 829 650 893 omnia
676 827 793 912 possit,
819 849 892 894 curn
918 827 975 892 illo
997 827 1068 911 ipso

115 914 342 980 contenderem
372 952 417 964 -
448 915 493 981 sic
525 916 611 980 enim
643 916 827 982 iaciendum
861 916 977 982 fuisset
1004 915 1069 980 -ι

115 1025 183 1069 non
206 1003 353 1070 existimo
372 1008 404 1070 te
422 1007 537 1088 putare
557 1005 591 1068 id
609 1005 688 1069 mihi
707 1004 944 1090 suscipiendum
960 1004 1069 1069 fuisse.

115 1090 191 1174 „Alt
191 1091 366 1176 erutrum,“
396 1092 503 1177 inquit
529 1092 614 1158 idem
641 1091 825 1176 Sallustium
855 1091 1097 1177 „defendissesr

115 1181 211 1263 idque
234 1180 405 1302 Pompeio«
410 1181 617 1246 contendenti
647 1181 847 1265 dedisses,e
830 1181 950 1247 etenim
977 1180 1070 1246 vehe-

116 1272 242 1333 menter
264 1267 405 1335 orabatf‘
449 1267 607 1355 Lepidum
630 1269 768 1335 amicum
791 1267 993 1353 Sallustium,
1016 1269 1072 1352 qui

117 1357 197 1421 mihi
228 1361 285 1423 aut
315 1357 501 1424 inimicitias
532 1360 626 1442 putet
660 1358 856 1442 periculosas
888 1357 1071 1423 subeundas

116 1444 216 1510 fuisse
239 1449 296 1510 aut
322 1445 490 1510 infamiam
516 1447 617 1532 sempi
618 1448 757 1511 ternam!
806 1445 879 1532 Ego
907 1467 983 1511 vero
1010 1445 1072 1511 hac

117 1533 339 1599 mediocritate
361 1534 515 1619 delector,
542 1556 580 1599 ac
607 1535 686 1599 mihi
713 1535 793 1600 illud
815 1535 992 1600 iucundum
1013 1538 1072 1618 est,

118 1621 217 1705 quod,
248 1644 347 1706 quum
373 1623 594 1689 testimonium
621 1623 796 1690 secundum
822 1623 919 1689 fidem
945 1626 979 1688 et
1000 1622 1071 1686 reli-

120 1710 250 1793 gionem
272 1711 459 1794 gravissime
483 1711 646 1794 dixissem,
673 1733 747 1775 reus
769 1710 863 1794 dixit,
890 1712 918 1776 si
939 1711 974 1775 in
997 1710 1071 1774 civi·

118 1799 185 1859 tate
207 1797 351 1861 licuisset
379 1798 440 1862 sibi
466 1819 550 1881 esse,
578 1799 658 1862 mihi
681 1819 714 1862 se
738 1798 991 1880 satisfacturum,
1017 1819 1072 1862 ne·

119 1905 181 1968 que
204 1906 255 1949 me
278 1885 455 1969 quidquam
478 1885 698 1970 interrogarit.
743 1882 792 1950 De
814 1885 969 1969 versibus,
992 1907 1100 1970 quosr

118 1971 180 2036 tibi
202 1995 222 2036 a
244 1993 295 2038 me
314 1972 410 2037 scribi
432 1973 490 2058 vis,
512 1973 602 2038 deest
619 1973 699 2038 mihi
718 1973 846 2074 quidem
865 1995 971 2059 opera,
991 1995 1073 2058 quae

119 2082 187 2126 non
209 2060 305 2126 modo
328 2063 469 2145 tempus,
496 2062 611 2126 sedt
579 2061 676 2128 etiam
704 2062 846 2127 animum
873 2083 1009 2128 vacnum
1032 2063 1073 2128 ab

120 2150 209 2214 omni
223 2169 301 2214 cura
318 2149 491 2233 desiderat3
514 2149 570 2214 sed
589 2151 681 2215 abest
704 2150 801 2214 etiam
820 2147 1073 2235 ἐνθουσιασμός,

120 2258 187 2302 non
210 2237 296 2302 enim
319 2259 428 2303 sumus
452 2237 583 2303 omnino
607 2239 676 2302 sine
703 2260 781 2304 cura
801 2239 960 2304 venientis
988 2239 1074 2322 anni,

120 2325 181 2389 etsi
204 2347 314 2391 sumus
337 2326 406 2391 sine
428 2327 553 2392 timore.
590 2325 692 2392 Simul
714 2330 749 2392 et
769 2327 849 2391 illnd
863 2363 905 2374 -
920 2327 989 2392 sine
1007 2327 1075 2391 ulla

118 2413 337 2479 mehercule'
326 2414 432 2479 ironia
457 2415 636 2499 loqucr—
643 2415 738 2480 :tibi
764 2415 857 2480 istius
885 2415 1012 2501 generis
1039 2415 1075 2479 in

119 2501 288 2578 scribendo
320 2502 442 2587 priores
474 2507 583 2588 partes
614 2465 721 2570 tribuo
754 2525 851 2588 qnam
882 2503 971 2568 mihi.
1025 2503 1101 2568 Des

119 2589 316 2656 bibliotheca
337 2594 395 2656 tua
412 2589 534 2657 Graeca
552 2593 739 2677 supplenda,
762 2592 853 2657 libris
876 2592 1075 2659 commutan-

121 2676 184 2761 dis,
211 2676 283 2743 Lat
259 2679 337 2744 trnis
364 2679 601 2764 comparandis,
626 2681 719 2745 valde
748 2681 910 2744 velimt
867 2685 930 2744 reta
953 2680 1076 2764 confici,

119 2767 309 2850 praesertim
331 2788 451 2868 quum·
453 2767 494 2831 ad
516 2788 622 2832 meum
646 2789 772 2851 quoque
795 2788 890 2831 usum
917 2771 1076 2852 spectent,

121 2853 176 2918 sed
189 2875 260 2940 ego,
273 2854 429 2939 mihiipsi
442 2855 485 2919 ist
486 2877 505 2918 a
523 2876 580 2939 per
598 2876 693 2938 quem
712 2875 816 2940 agam,
833 2876 901 2920 non
914 2855 1018 2920 habeo
1032 2888 1076 2902 --

119 2962 224 3025 neque
247 2943 334 3007 enim
355 2943 483 3007 venalia
505 2947 590 3027 sunt,
612 2964 693 3027 quae
714 2943 844 3026 quidem
852 2943 1021 3097 placeant,
1043 2946 1096 3008 et,

120 3029 234 3094 confici
256 3029 321 3094 nisi
342 3051 400 3114 per
421 3029 586 3096 hominem
613 3035 646 3096 et
667 3032 806 3116 peritum
834 3035 867 3097 et
889 3031 1076 3117 diligentem

119 3139 187 3182 non
210 3121 406 3200 possunt-
407 3115 618 3204 ,Chrysippo
635 3123 746 3184 tamen
764 3119 930 3205 imperabo
953 3123 1076 3184 etcum

120 3205 328 3292 Tyrannione
359 3206 481 3290 loquar
530 3205 579 3273 De
610 3207 687 3273 fisco
719 3207 795 3292 quid
828 3208 931 3293 egerit
960 3205 1076 3292 Scipio,

190 3431 242 3503 n
262 3439 327 3500 43
362 3433 579 3502 „saracenam
600 3433 726 3501 ι’.ι’..,·8
749 3433 964 3503 „defi(W..),
965 3434 1038 3500 A
1054 3452 1074 3488 ι

119 3502 198 3570 ι’..,8
215 3504 386 3571 ,,ιιιι.Β.-
404 3503 444 3571 8.,
461 3504 598 3572 ,ίειιειεει
616 3511 666 3560 eat
684 3521 837 3560 accusasses
855 3511 905 3560 aut
922 3505 975 3572 def.
991 3475 1075 3573 (W.)?

119 3577 145 3628 4.
173 3543 319 3643 quuor-
325 3575 404 3630 :tibi
422 3575 497 3646 (W.)
535 3577 605 3631 1.-
624 3577 677 3632 tibi
694 3576 788 3647 vulgo.
