2568 3980
191 227 254 292 162
472 225 509 282 Μ.
529 224 654 282 TULLII
671 225 862 287 CICERONIS

189 372 292 458 queis
311 371 426 456 exitus,
443 391 538 456 quem
552 369 602 436 vir
618 370 897 458 prudentissimus,
914 373 958 440 M.
972 373 1149 463 Antonius,

187 462 255 526 ium
279 463 351 527 tum
376 460 526 543 timebat,
557 479 657 544 quum
687 462 817 526 tentum
842 461 964 528 instare
987 466 1147 533 mulorum

189 549 422 634 suspicabatur,
443 548 561 614 misere
583 551 634 614 est
654 548 712 614 ille
729 549 859 634 quidem
876 553 1066 639 consolatio,
1086 557 1147 620 teli

187 637 379 724 praesertim
400 636 463 704 civi
485 639 519 702 et
540 635 619 723 viro,
642 638 698 703 sed
717 641 829 704 tumen
850 642 1041 728 necessarie,
1063 643 1147 710 nihil

188 749 258 792 esse
279 726 451 812 praecipue
478 726 629 811 cuiquem
650 726 825 792 dolendum
846 729 883 793 in
905 749 958 814 eo,
985 731 1072 814 quod
1094 753 1147 798 se·

152 816 275 882 eeidet
296 815 463 882 universis
499 813 588 891 Quae
611 815 660 892 vis
682 816 761 882 insit
782 817 818 882 iu
840 816 892 882 his
909 819 1021 902 paucis
1039 821 1146 886 verbis

189 941 231 952 -—
245 905 341 990 plura
362 903 450 970 enim
471 903 703 970 committenda
721 905 877 989 epistolae
895 927 963 972 non
986 912 1080 972 erent
1093 945 1147 993 -,

188 994 216 1059 si
237 993 400 1078 attendes,
426 992 512 1077 quod
539 992 634 1077 fusis,
660 992 806 1077 profecte
834 994 932 1060 etiem
964 995 1033 1061 sine
1065 998 1147 1065 meis

186 1081 303 1148 litteris
334 1082 496 1168 intelliges
527 1085 560 1147 te
592 1081 713 1167 aliquid
743 1081 877 1168 hebere,
910 1084 996 1167 quod
1028 1093 1156 1170 speres

186 1170 284 1257 nihil,
310 1171 397 1257 quod
424 1173 482 1236 sut
506 1169 570 1236 hoe
593 1175 650 1236 eut
672 1171 780 1255 aliquo
806 1172 854 1237 rei
881 1172 1030 1257 publices
1057 1176 1145 1240 stetu

186 1260 315 1344 timees3
343 1258 453 1326 omnis
480 1259 508 1324 si
533 1259 730 1343 interierint,
757 1281 856 1344 quum
884 1261 1090 1345 superstitem
1107 1249 1145 1328 te

186 1369 258 1414 esse
284 1349 331 1413 rei
357 1348 505 1434 publicae
527 1369 569 1412 ne
592 1348 620 1412 si
643 1348 743 1412 'lineet
770 1348 899 1433 quidem
921 1351 1014 1435 velis,
1041 1351 1144 1416 feren·

188 1437 262 1501 dnm
284 1458 354 1502 esse
376 1435 552 1521 fortunam,
573 1437 763 1521 praesertim
785 1441 867 1522 quae
891 1438 977 1502 absit
999 1461 1019 1504 u
1041 1441 1145 1524 eulpa.

187 1523 250 1590 Sed
271 1525 353 1590 haee
378 1524 549 1590 haetenus:
579 1528 617 1589 tu
643 1525 741 1590 velim
763 1526 885 1592 scribes
908 1527 949 1591 sd
972 1549 1038 1612 me,
1066 1528 1156 1612 quid·

187 1634 266 1700 eges
297 1617 331 1679 et
361 1613 418 1678 ubi
439 1613 569 1678 futurus
596 1612 653 1697 sis,
678 1616 723 1691 ut
749 1617 807 1678 eut
833 1635 898 1702 quo
926 1615 1065 1682 scribam
1087 1620 1145 1682 eut

187 1725 251 1788 quo
274 1703 402 1778 veniam
424 1701 506 1768 seire
528 1701 659 1786 possim.

632 1895 692 1961 ΙΙΙ.
809 1927 812 1932 ·

465 2008 521 2064 Ser.
540 2008 647 2063 Itomae
665 2025 690 2063 s.
709 2027 736 2064 n.
755 2025 778 2064 0.
799 2013 859 2065 709.

379 2133 417 2190 Μ,
436 2132 566 2206 CICERO
586 2133 612 2188 S.
632 2132 665 2187 D.
684 2135 716 2188 A.
736 2131 942 2198 TORQUATO.

150 2245 164 2296 ι
251 2231 477 2320 Superioribus
490 2234 606 2298 litteris
619 2234 845 2300 benevolentis
858 2233 963 2319 magis
977 2232 1143 2318 adductus,

184 2345 283 2476 tlt
293 2323 537 2476 institit
559 2320 1017 2496 iiiiiiaissi'nlfiviiffiiil
1038 2343 1143 2494 3233&

184 2503 254 2564 eret
276 2519 314 2562 ea
336 2520 408 2563 meu
431 2519 529 2564 causa
551 2501 648 2582 etque
669 2498 815 2583 fortune,
837 2500 888 2581 ut,
916 2499 968 2564 eui
989 2499 1053 2583 ipsi
1075 2520 1142 2565 om·
1280 2547 1281 2569 t

148 2587 240 2652 nnis
262 2587 419 2671 deessent,
441 2587 578 2654 alterum
601 2586 833 2652 confirmarem.
869 2585 941 2653 Hoe
963 2587 1042 2652 item
1060 2586 1148 2652 tem-'

184 2696 263 2760 pore
285 2675 414 2742 brevior
436 2696 505 2740 esse
528 2674 644 2759 debe03
666 2676 733 2740 sive
756 2675 843 2741 enim
864 2675 948 2740 nihil
966 2678 1037 2740 tum
1059 2697 1141 2761 opus

183 2764 247 2830 fuit
268 2765 338 2828 tam
359 2763 470 2829 multis
492 2764 608 2848 verbis,
630 2763 733 2828 nihilo
751 2764 856 2850 magis
876 2784 964 2829 nune
982 2785 1064 2848 opus
1082 2768 1142 2850 est,

184 2853 251 2916 sive
269 2855 339 2916 tum
358 2874 439 2937 opus
457 2852 530 2937 fuit,
551 2853 631 2919 illud
655 2853 734 2918 setis
753 2856 810 2937 est,
832 2852 1023 2937 praesertim
1042 2873 1142 2936 quum

183 2940 355 3006 secesserit
385 2941 468 3006 nihil
499 2942 589 3008 novi:
625 2962 715 3024 num,
751 2942 813 3006 etsi
844 2941 986 3025 quotidie
1019 2941 1141 3024 aliquid

182 3028 331 3095 eudimus
350 3050 594 3114 emmenum,
617 3051 697 3113 ques
716 3029 758 3094 nd
779 3033 812 3094 te
830 3029 966 3113 perferri
984 3028 1141 3114 existimo,

183 3139 310 3182 summu
331 3121 441 3182 temen
461 3117 574 3182 eudem
596 3120 697 3182 estet
717 3117 802 3183 idem
821 3119 938 3200 exitus3
960 3137 1055 3201 quem
1077 3137 1140 3202 ego

182 3210 252 3274 tum
273 3206 366 3273 video
389 3206 512 3289 anime,
535 3228 632 3289 quam
655 3227 707 3290 ee,
733 3229 815 3290 quae
837 3206 943 3272 ,oeulis
971 3204 1141 3290 cernimus,

182 3316 243 3360 nee
265 3316 342 3360 vero
365 3294 540 3379 quidquam
562 3294 665 3379 video,
688 3295 774 3378 quod
793 3316 860 3360 non
877 3295 963 3359 idem
980 3295 1013 3357 te
1031 3292 1140 3358 videre

183 3386 271 3449 certo
286 3384 365 3467 sei03
383 3404 469 3468 nam,
482 3381 551 3466 etsi,
570 3403 664 3466 quem
678 3383 798 3447 exitum
817 3383 900 3448 ecies
917 3381 1070 3447 habiture
1089 3382 1141 3470 sit,

253 3571 305 3642 Ep.
324 3580 350 3643 3,
365 3580 389 3630 2.
426 3579 497 3630 certo
514 3574 570 3628 seio
585 3573 663 3662 (lh).¹
688 3590 711 3630 e.
729 3575 814 3630 seiam
831 3573 871 3643 le,
889 3574 922 3628 B.
