2578 3982
245 207 503 263 EPISTOLARUM
522 208 571 264 AD
591 208 621 274 Q.
640 207 816 262 FRATREM
834 209 868 262 ll.
888 213 930 262 15.
995 205 1059 270 617

108 349 267 416 debuerit:
299 373 319 416 ο
342 351 497 417 iucundas
520 351 601 416 mihi
622 355 695 417 tuas
718 351 757 416 de
780 350 950 416 Britannia
977 350 1060 416 litte·

107 441 174 502 rasi
225 439 393 503 'timebam
423 437 602 524 Oceanum,
633 439 787 504 timebam
815 439 854 504 lit
839 442 892 503 tus
923 439 1059 503 insulae:

106 525 232 610 reliqua
263 547 331 592 non
362 527 509 611 equidem
540 530 725 611 contemno,
757 525 812 592 sed
838 528 911 611 plus
940 526 1062 592 habent

16 608 30 646 ²²
107 617 220 677 tamen
242 615 311 698 spei
334 634 430 697 quam
451 615 591 698 timoris,
616 615 782 700 magisque
805 636 876 680 sum
906 614 1023 679 sollieit
1023 637 1061 679 us

16 714 34 772 ,Τ
108 702 346 784 exspectatione
378 723 417 766 ea
447 723 545 787 quam
575 707 672 768 metu.
722 702 769 768 Te
794 724 869 767 vero
896 696 1062 766 ὑπόθεσιν

15 847 17 852 .
108 789 269 854 scribendi
284 790 446 876 egregiam
459 790 578 855 habere
596 791 701 857 video:
725 811 806 874 quos
818 794 855 854 tu
874 791 964 874 situs,
981 811 1061 873 quas

13 931 29 974 p
106 880 242 942 naturas
270 899 378 942 rerum
401 882 433 942 et
455 879 612 962 locorum,
635 900 715 964 quos
737 899 856 963 mores,
882 899 962 962 quas
985 899 1061 962 gen·

12 969 14 1046 j
105 969 172 1050 tes,
203 986 283 1048 quas
314 987 456 1051 pugnas,
487 987 581 1049 quern
609 987 686 1031 vero
709 967 814 1052 ipsum
837 965 1062 1050 imperatorem

12 1049 17 1108 ζ’
105 1052 223 1118 habes!
259 1059 329 1138 Ego
352 1057 384 1117 te
402 1054 549 1138 libenter,
570 1058 608 1118 ut
624 1074 730 1139 rogas,
753 1054 868 1137 quibus
891 1053 1035 1118 rebus
1005 1075 1062 1135 vis,

15 1201 28 1214 ,,
106 1140 268 1206 adiuvabo
301 1144 334 1204 et
364 1141 424 1205 tibi
456 1163 580 1226 versus,
611 1163 691 1226 quos
723 1163 835 1226 rogas,
866 1135 982 1224 γλαῦκ’
1015 1142 1063 1216 εἰς

11 1209 28 1321 i..
101 1221 261 1312 Ἀθήνας,
283 1229 419 1293 mitram.
465 1227 527 1294 Sed
549 1230 629 1295 heus
651 1233 701 1312 tu,
724 1230 820 1294 aeluri
843 1230 952 1294 videor
974 1250 994 1292 a
1015 1231 1089 1292 te:⁶

11 1315 27 1390 ’ἶῖ
107 1317 356 1400 quomodonam‚
374 1338 420 1381 m1
410 1316 546 1402 frater,
563 1318 603 1382 de
621 1321 696 1382 nost
697 1318 741 1382 ris
682 1317 903 1382 iversibus
922 1313 1061 1381 Caesar?

15 1415 26 1479 ’ἶ
106 1424 187 1468 nam
208 1405 347 1507 primum
365 1405 483 1469 librum
502 1426 535 1470 se
554 1406 671 1490 legisse
690 1405 818 1490 scripsit
840 1405 880 1468 ad
903 1426 954 1468 me
977 1407 1062 1488 ante,

107 1489 143 1556 et
168 1493 272 1577 prima
300 1492 359 1577 sie,
390 1497 428 1558 ut
454 1496 552 1579 neget
574 1514 607 1558 se
629 1515 671 1558 ne
694 1492 815 1558 Graeca
842 1493 970 1576 quidem
997 1513 1062 1557 me·

10 1577 25 1664 {5
106 1581 191 1646 liora
213 1582 343 1666 legisse3
373 1580 497 1666 reliqua
527 1581 568 1646 ad
594 1581 754 1666 quendam
782 1582 889 1646 locum
912 1575 1062 1666 ρᾳθυμό·

11 1664 24 1767 ξ
106 1689 243 1752 τερα-
202 1669 320 1734 -hoa
343 1669 429 1732 enim
450 1668 553 1734 utitur
571 1670 725 1734 verbo—
728 1668 824 1733 ‚Die
841 1668 920 1732 mihi
938 1689 1080 1746 verum:⁴

10 1761 23 1786 'v‘
107 1775 189 1818 num
211 1757 337 1819 autres
356 1775 429 1818 eum
446 1759 505 1819 aut
520 1751 686 1839 χαρακτὴρ
708 1777 776 1820 non
797 1754 957 1820 delectat?
980 1755 1062 1819 nihil

9 1831 23 1932 ἶ
109 1845 170 1927 est,
193 1841 278 1926 quod
300 1862 443 1924 verear03
466 1862 527 1927 ego
551 1841 637 1906 euim
659 1863 700 1906 ne
723 1843 789 1926 pilo
810 1841 938 1925 quidem
955 1843 1062 1906 minus

11 1944 12 1951 ’
107 1930 291 1995 teamabo.
329 1928 400 1995 Hae
423 1929 462 1995 da
485 1951 520 1994 re
542 1929 737 2013 φιλαληθῶς
759 1932 800 2014 et,
821 1933 859 1994 ut
881 1931 964 1996 soles
987 1930 1062 1995 seri·

19 1973 21 1978 ι
107 2018 195 2104 bere,
215 2018 368 2083 fraterne.

180 2243 232 2314 Ep
254 2247 334 2311 15,.5
370 2259 476 2300 naum:
502 2260 568 2299 nam
595 2242 670 2314 (W).
714 2260 752 2313 u,
775 2241 1013 2313 uumvulq-o
1037 2247 1062 2300 te

109 2315 207 2368 amabo
226 2285 344 2384 (Aldus).
379 2331 464 2370 awa.
482 2313 573 2383 Mlti„
592 2314 680 2369 B.-
703 2319 736 2382 et,
753 2319 786 2370 at
802 2314 868 2370 soles
885 2314 1007 2381 scabere,
1023 2315 1060 2381 fr.

8 2463 10 2502 τ
106 2381 418 2526 §Mitmppdsrtdlpm
378 2389 418 2451 tu,
437 2383 516 2440 liat
529 2387 578 2454 tu).
615 2389 648 2452 et,
665 2389 746 2453 ate„
763 2384 897 2454 ambesa
915 2384 1001 2457 vulgo
1020 2385 1063 2454 (ut
