2578 3982
114 199 166 256 DE
180 200 376 256 ΡΕΤΙΤΙΟΝΕ
396 199 611 260 CONSUL.'AD
625 199 663 254 li.
677 199 854 254 FRATREM
873 205 968 254 7—10.
1004 196 1070 261 547

11 373 14 414 z
116 345 153 410 in
174 345 335 429 equitibus
357 344 514 410 Romanis
541 343 722 410 occidendis
751 344 879 408 fuit-
902 364 976 408 nem
997 342 1071 426 illis,

11 462 15 504 ς
114 454 199 515 quos
230 433 448 513 meminimus,
477 431 591 516 Gallis,
622 433 678 516 qui
708 435 780 496 tum
809 430 1003 496 Titiniorum
1034 451 1071 495 ao

11 553 16 593 r
113 519 321 585 Nanniorum
339 542 376 585 aa
394 519 608 585 Tanusiorum
627 521 733 604 capita
750 519 964 602 demetebant,
982 515 1072 584 Sulla

11 645 13 684 2
115 629 219 672 unum
241 605 414 673 Catilinam
436 609 636 692 praefecerat
657 643 714 692 -,
741 608 776 672 in
799 607 915 690 quibus
937 606 991 671 ille
1013 606 1070 672 ho·

11 733 16 774 2
117 695 239 759 minem
261 697 428 780 optimum,
451 695 487 772 Q.
510 694 693 780 Caecilium,
716 697 836 761 sororis
858 715 934 760 suae
957 695 1071 777 virum,

11 827 17 864 q
112 784 258 866 equitem
279 783 474 867 Romanum,
501 785 663 849 nullarum
689 785 843 868 partium,
870 804 969 867 quum
991 803 1071 846 sem-

11 879 16 952 ’ς
113 891 175 954 per
205 876 335 956 natina,
365 877 436 936 turn
467 873 698 961 etismuetate
724 872 790 936 iam
819 871 978 954 quietum,
1004 869 1071 934 suis

13 1001 17 1040 3
112 960 266 1024 manibus
290 960 415 1026 oceidit
960 996 963 1006 =

11 1123 16 1134 ,
182 1046 267 1122 Quid
294 1068 355 1133 ego
382 1069 470 1113 nuno
496 1049 601 1112 dicam
629 1051 737 1132 petere
760 1069 834 1112 enm
860 1037 1112 1146 consulatum?⁰

12 1191 16 1222 ,
112 1135 173 1217 qui
194 1134 359 1201 hominem
382 1135 583 1202 carmanum
602 1136 723 1220 populo
745 1134 908 1217 Romano,
936 1133 980 1201 M.
1002 1132 1070 1198 Ma·

11 1275 13 1294 ,,
114 1223 200 1287 rium
222 1224 424 1307 inspectante
445 1225 566 1308 populo
585 1223 734 1290 Romano
752 1223 871 1288 vitibus
894 1242 952 1306 per
968 1224 1071 1288 totam

11 1305 12 1314 ’
115 1308 230 1375 urbem
256 1311 419 1396 ceciderit,
447 1313 487 1376 ad
513 1313 646 1378 bustum
668 1312 782 1396 egerit,
813 1311 859 1375 ibi
887 1310 976 1376 omni
1002 1331 1071 1374 cru·

15 1466 17 1476 ,
114 1398 210 1464 cintu-
220 1399 379 1484 lacerarit,
400 1401 508 1479 †vivo
527 1401 628 1466 stanti
646 1401 764 1464 oollum
784 1399 893 1484 gladio
917 1418 976 1463 sua
998 1397 1071 1464 dex·

112 1490 186 1550 tero
208 1489 354 1571 secuerit,
377 1511 476 1573 quum
498 1489 630 1554 sinistra
652 1488 803 1572 capillum
823 1487 892 1552 eius
915 1486 1070 1551 avertice

11 1631 16 1654 ,
112 1577 250 1660 teneret,
272 1580 370 1660 caput
391 1599 450 1642 sua
468 1599 567 1642 manu
585 1577 704 1660 tulerit,
727 1576 933 1660 quumintor
951 1574 1070 1659 digitos

11 1662 17 1746 j
112 1663 184 1728 eius
203 1665 264 1727 rivi
283 1666 451 1748 sanguinis
469 1664 627 1728 fluerent?
651 1665 706 1747 qui
724 1667 837 1746 postea
855 1684 928 1727 oum
941 1662 1070 1726 histrio·

11 1749 17 1796 1‘
114 1749 212 1814 nibus
236 1754 268 1814 et
287 1772 360 1816 oum
378 1752 611 1836 gladiatoribus
629 1752 676 1815 ita
693 1751 782 1833 vixit,
804 1753 842 1814 nt
860 1750 977 1815 alteros
999 1749 1070 1813 libi·

11 1899 16 1924 ,
112 1836 215 1922 dinis,
242 1840 362 1904 alteros
387 1839 541 1905 facinoris
564 1838 726 1904 adiutores
748 1837 895 1921 haberet,
922 1837 977 1920 qui
999 1837 1070 1901 nul·

11 1925 16 2010 J
113 1925 183 1989 lum
219 1926 256 1992 in
287 1927 393 1991 locum
427 1930 496 1990 tam
532 1929 680 1992 sanctum
712 1947 750 1990 ac
784 1929 853 2000 tam
883 1925 1070 2011 religiosum

11 2019 15 2098 ζ
115 2015 260 2098 accessit,
282 2015 318 2079 in
335 2036 399 2098 quo
417 2035 494 2097 non,
516 2015 644 2080 etiamsi
656 2014 678 2093 †
691 2014 762 2080 aliis
781 2015 875 2098 culpa
892 2034 961 2078 non
978 2015 1070 2096 esset,

11 2099 15 2184 J
113 2105 226 2166 tamen
248 2125 287 2166 ex
309 2125 368 2168 sua
389 2103 534 2186 nequitia
556 2102 720 2167 dedecoris
739 2102 953 2185 suspicionem
974 2101 1070 2166 relin-

11 2185 14 2206 ’“
112 2193 241 2273 queret,
273 2191 394 2274 quiex
421 2191 509 2255 ouria
536 2189 650 2255 Ourios
678 2195 711 2254 et
736 2189 879 2272 Annios,
910 2190 951 2253 ab
980 2188 1069 2253 atriis

11 2313 15 2364 4
112 2275 251 2362 Sapalas
275 2282 308 2342 et
331 2276 503 2362 Carvilius,
530 2301 570 2342 ex
592 2279 733 2363 equestri
760 2278 871 2342 ordino
892 2276 1070 2361 Pompilios

11 2369 15 2456 'J
111 2369 148 2428 et
166 2365 294 2432 Vettios
318 2368 379 2431 sibi
402 2367 612 2432 amicissimos
635 2366 842 2450 compararit,
864 2365 920 2449 qui
941 2368 1069 2430 tantum

11 2463 14 2470 ”
112 2454 213 2519 habet
240 2456 406 2540 audaciae,
426 2459 555 2520 tantum
577 2455 753 2539 nequitiae,
781 2457 909 2519 tanturn
932 2453 1069 2537 denique

11 2547 15 2618 J
113 2542 151 2604 in
172 2543 305 2606 libidine
329 2545 407 2608 artis
430 2548 464 2608 et
486 2544 695 2627 efficacitatis,
717 2546 754 2607 ut
775 2564 875 2627 prope
898 2542 934 2606 in
955 2563 1069 2626 paren·

11 2623 14 2706 ἶ
112 2631 185 2692 tum
199 2631 329 2713 gremiis
343 2634 560 2713 praetextatos
577 2632 696 2696 liberos
715 2629 953 2713 constuprant?
986 2628 1070 2704 Quid

11 2711 14 2804 J
112 2736 176 2801 ego
203 2737 291 2782 nuno
319 2718 380 2782 tibi
411 2718 451 2782 de
478 2717 602 2802 Atrion,
634 2719 711 2801 quid
743 2716 782 2781 de
812 2717 945 2782 testium
976 2717 1089 2796 (lictis¹

11 2807 14 2824 '
113 2804 275 2870 scribam?
319 2803 408 2872 Nota
431 2807 520 2888 sunt,
548 2808 581 2870 et
603 2809 700 2870 catu
723 2805 850 2888 saepius
873 2804 986 2890 legit03
1014 2805 1068 2870 scd

11 2977 12 2980 Ἴ
113 2895 224 2957 tamen
236 2893 299 2958 hoo
313 2894 393 2958 mihi
411 2914 479 2958 non
492 2892 813 2978 praetermittendum
830 2892 966 2976 videtur,
983 2893 1069 2977 quod

11 3117 12 3120 ¹
185 3107 210 3168 2,
224 3109 249 3156 9.
285 3101 342 3170 fnit
360 3133 393 3142 -
411 3117 478 3158 nom
496 3143 539 3170 ..,
553 3102 644 3170 proci
664 3133 707 3168 -,
724 3102 757 3156 in
775 3101 848 3170 (W).
893 3101 957 3168 fnit.
993 3101 1069 3156 Nom

11 3191 13 3236 ς
112 3173 272 3240 ...proefi‚
290 3173 322 3226 in
339 3173 432 3243 vulgo.
456 3203 490 3216 -
518 3173 684 3228 deneteborat
701 3172 783 3243 (conj.
802 3172 878 3242 apud
896 3171 1067 3240 (taenarum).

11 3255 12 3316 f
111 3242 253 3298 metunt
270 3243 367 3313 vulgo.¹
402 3250 427 3312 3,
444 3251 484 3298 10.
508 3245 638 3299 leonorii
651 3249 669 3312 †
682 3245 743 3298 cioo
760 3244 847 3298 stanti
865 3242 946 3312 (Eri,
961 3241 1012 3298 Ox.
1027 3242 1068 3310 T,

11 3325 12 3336 ¹
112 3313 164 3366 alii
182 3313 253 3382 cdd,
272 3313 335 3368 edd.
353 3315 431 3380 vett,
449 3314 515 3383 W.).
561 3316 578 3370 l.
597 3317 629 3368 in
646 3330 703 3368 nno
720 3315 838 3368 instanti
856 3314 898 3368 cd.
918 3313 1003 3368 Turn.
1041 3314 1068 3378 t,

11 3391 13 3456 Q
113 3384 173 3436 uico
190 3385 362 3454 spirantique
380 3383 446 3454 (W.)
465 3387 515 3439 aut
533 3386 565 3451 i,
582 3401 607 3438 o.
626 3386 747 3452 spiranti
764 3383 901 3456 (Putean.)
921 3386 971 3439 aut
992 3385 1009 3440 1.
1028 3385 1068 3438 ci-

11 3469 13 3478 ’
112 3468 184 3521 cnm,
203 3456 324 3524 spiranti
342 3453 512 3524 (Salviana).
556 3457 590 3521 l.,
607 3457 668 3510 rico
685 3456 772 3510 stanti
789 3455 820 3508 B.
848 3485 882 3494 —
911 3456 1018 3510 etiarnsi
1035 3471 1069 3509 en

112 3523 178 3578 alies
195 3523 353 3596 (Kayser.)?
