2578 3982
224 196 289 260 606
506 191 896 248 rememorem

224 337 277 405 Sic
294 338 341 421 fit,
362 329 461 416 *αἴθ’
486 335 524 401 ἐν
541 341 599 423 alp
617 339 743 419 ἔζησας·
765 358 943 420 numquam
961 339 1057 402 enim
1075 336 1195 420 dicam,

225 431 263 492 ἔα
293 423 410 502 πάσας.
462 425 602 490 Marium
637 429 745 488 autem
780 429 931 490 nostrum
966 427 1004 490 in
1038 427 1195 490 leelu'oem

225 515 405 581 mehercule
436 514 644 580 coniecissem
665 549 708 560 --
731 534 800 578 nou
830 514 921 578 sslain
955 515 1050 599 regis
1084 513 1194 579 Ptole

225 605 308 668 maei
339 602 547 684 Anicianam
581 601 714 666 memini
745 602 846 684 enim,
880 623 982 686 quum
1017 603 1194 668 hominem

225 696 388 776 portarem
424 689 466 754 ad
501 689 600 754 Baias
630 687 769 772 Neapoli
804 690 983 774 octaphoro
1019 690 1195 756 Aniciana

225 778 508 862 machaerophoris
522 781 652 842 centum
670 777 887 861 sequentibus,
904 779 1004 842 miros
1022 780 1120 844 risus
1134 803 1196 846 nos

225 869 328 950 edere,
350 889 450 951 quum
470 866 525 931 ille
543 867 677 950 ignarus
697 866 747 930 sui
766 867 937 952 comitatus
955 872 1100 950 repente
1121 889 1196 952 ape

225 957 291 1022 ruit
311 955 459 1020 lecticam
481 957 514 1018 et
535 975 638 1037 paene
660 953 714 1017 ille
740 954 869 1036 timore,
896 974 956 1039 ego
983 956 1059 1020 risu
1083 960 1195 1022 corrui

226 1079 279 1130 -‚
300 1045 400 1127 hune,
422 1046 460 1106 ut
482 1042 567 1126 dico,
594 1045 679 1106 certe
702 1042 915 1126 sustulissem,
941 1046 979 1106 ut
1006 1044 1194 1128 aliquando

227 1133 438 1198 subtilitatem
459 1131 576 1195 veteris
599 1131 792 1194 urbanitatis
815 1134 849 1194 et
869 1131 1105 1196 humanissimi
1128 1156 1195 1198 ser·

226 1222 332 1286 monis
351 1220 556 1304 attingerem
580 1218 636 1283 sed
652 1218 818 1283 hominem
835 1219 1000 1283 infirmum
1016 1220 1058 1284 in
1078 1222 1193 1286 villam

227 1313 372 1393 apertam
394 1329 432 1372 ae
453 1329 496 1372 ne
518 1307 630 1370 rudem
657 1306 786 1390 quidem
808 1307 906 1371 etiam
927 1329 1017 1371 nune
1045 1310 1194 1374 invitare

200 1398 326 1462 anolui.
369 1395 441 1460 Hoc
467 1417 543 1461 vero
571 1395 650 1458 mihi
677 1395 837 1478 peculiare
863 1395 973 1478 fuerit,
1002 1396 1062 1460 hic
1092 1400 1191 1463 eliam

226 1485 290 1548 isto
312 1484 390 1565 frui3
412 1505 489 1566 nam
510 1483 639 1560 illorum
661 1483 866 1566 praediorum
893 1483 973 1548 scito
1003 1485 1092 1550 mihi
1115 1489 1190 1552 vici-

227 1594 306 1638 num
327 1570 467 1636 Marium
493 1572 604 1636 lumen
630 1592 708 1635 esse.
757 1570 855 1655 Apud
881 1571 1034 1636 Anicium
1066 1575 1190 1640 videbi-

227 1681 299 1726 mus
320 1663 359 1725 ut
379 1662 529 1744 paratum
551 1659 608 1741 sit;
629 1681 690 1724 nos
713 1660 864 1723 enim-ita
881 1659 1042 1746 philologi
1068 1685 1191 1746 sumus,

227 1754 265 1815 ut
291 1749 344 1814 vel
371 1770 444 1813 eum
470 1747 571 1812 fabris
598 1747 745 1812 habitare
772 1748 931 1831 possimus
954 1784 998 1794 —
1025 1749 1190 1816 habemus

227 1839 313 1903 hanc
335 1836 575 1922 philosophiam
596 1857 665 1900 non
687 1835 737 1936 ab·
750 1833 914 1920 Hymetto,
937 1836 993 1900 sed
1017 1837 1062 1902 ab
1083 1842 1190 1918 †ara·

200 1923 1073 2096 .tt?ll³lltsslltztl¹¹t.t’⁶.l.ttt¹³.
1090 1930 1192 2082 llll.

227 2103 383 2187 temporis
405 2101 445 2165 ad
469 2099 681 2185 scribendum,
703 2104 860 2183 quantum
883 2101 1011 2165 dabitis.
1047 2101 1192 2170 Utinam

228 2190 310 2256 nihil
332 2190 429 2273 detis,
454 2194 493 2254 ut
517 2189 626 2272 potius
652 2191 759 2252 vestra
784 2188 901 2254 iniuria
927 2211 1026 2274 quam
1052 2192 1194 2276 ignavia

228 2301 300 2344 mea
322 2279 455 2344 cessem!
500 2276 550 2342 De
581 2296 616 2341 re
647 2276 777 2360 publiea
807 2277 942 2341 nimium
972 2282 1005 2342 te
1036 2279 1193 2347 laborare

229 2368 322 2432 doleo
355 2370 389 2430 et
418 2365 582 2430 meliorem
610 2365 711 2428 civem
738 2386 807 2429 esse
836 2387 933 2448 quam
958 2365 1195 2454 Philoctetam,

230 2455 285 2538 qni
308 2456 440 2536 accepta
465 2453 583 2521 iniuria
610 2473 649 2517 ea
675 2453 858 2537 spectacula
884 2455 1077 2540 quaerebat,
1108 2481 1193 2542 quae

229 2542 290 2607 tibi
313 2540 428 2606 acerba
450 2561 519 2604 esse
542 2540 644 2605 video.
688 2540 815 2606 Amabo
837 2545 880 2624 te,
902 2542 1018 2607 advola
1041 2580 1089 2591 —
1116 2569 1194 2612 cou-

230 2632 359 2697 solabor
380 2633 414 2694 te
437 2632 470 2694 et
492 2650 620 2693 omnem
643 2629 834 2715 abstergebo
857 2629 1060 2694 dolorem-
1075 2638 1114 2698 et
1138 2638 1194 2701 ad-

230 2721 300 2806 duc,
323 2719 351 2784 si
368 2740 419 2784 me
438 2739 536 2802 amas,
558 2716 711 2800 Marium3
733 2717 789 2782 sed
807 2723 1028 2801 approperate.
1065 2721 1195 2800 †Hor·

228 2813 282 2873 tus
305 2807 393 2872 domi
415 2810 473 2872 est

300 2963 352 3033 Ep.
368 2969 393 3031 8,
407 2968 432 3016 2.
460 2961 947 3018 coaieclmem—acaillam...earrai
960 2994 1003 3030 -‚
1019 2963 1099 3020 banc
1114 2969 1193 3036 (W).

230 3051 263 3102 a,
279 3051 336 3089 aaa
415 3049 437 3088 c.
460 3033 546 3087 Heme
558 3034 653 3104 vulgo.
673 3061 706 3072 -
725 3031 870 3102 octaphoro
889 3033 972 3102 (W.)?
1008 3037 1137 3102 ottaforo
1154 3040 1192 3094 M.

230 3135 263 3146 -
287 3104 431 3159 Aniciana
458 3103 630 3172 (Scheller.)?
658 3131 693 3143 -
720 3109 745 3156 3.
768 3103 905 3172 coeamus
926 3134 962 3144 —
983 3105 1119 3162 bahem
1139 3152 1146 3164 .
1163 3153 1193 3164 ..

229 3177 376 3242 †aroaira
389 3207 433 3242 -,
452 3175 567 3229 Marias
581 3173 656 3243 (W).
690 3189 720 3242 p.
738 3173 878 3228 Habemus
892 3177 1120 3245 ...†arayaira.
1147 3181 1193 3234 Μ,

230 3246 323 3317 vulgo.
342 3277 378 3288 -
394 3245 546 3314 †araaa'ra
563 3246 606 3312 (a,
619 3243 684 3310 W.).
721 3245 835 3298 araaita
852 3244 923 3298 ..al.“
942 3261 1080 3314 supersar.
1102 3249 1136 3303 in
1154 3251 1192 3305 hL

231 3318 344 3372 araeira
360 3318 382 3371 1.
424 3317 526 3370 oracio
543 3315 630 3368 Laud.
667 3329 733 3368 area
751 3313 775 3368 0
791 3331 839 3369 rea
857 3314 1024 3384 (Olivetus)?
1065 3322 1194 3391 ταναῇ-

231 3386 290 3440 aira
311 3387 377 3440 ΜΒ.
414 3387 499 3452 (Aria
516 3384 590 3455 Syra
612 3382 665 3452 a).
711 3390 735 3437 4.
794 3385 941 3455 eiateap„
963 3390 1073 3441 matam
1105 3391 1192 3461 (W).

232 3453 276 3509 De
293 3457 312 3509 ι’.
331 3461 351 3508 t.
368 3455 462 3524 vulgo.
489 3483 525 3495 -
551 3451 695 3520 ‘sacras
712 3454 739 3508 d.
758 3459 795 3508 eet
818 3454 893 3524 (Ψ).
937 3455 1075 3512 Hortalus
1098 3461 1131 3514 ἀ.
1155 3469 1196 3517 eat

234 3523 381 3594 (Muller.)?
417 3523 524 3579 Hortus
542 3524 567 3578 d.
586 3540 608 3577 e.
626 3522 720 3593 vulgo.
