2658 3986
251 193 315 256 184
530 194 568 248 Μ.
588 194 711 248 TULLII
729 193 920 250 CICERONIS

249 338 443 422 complexus,
466 339 639 424 singularis
657 339 762 422 pietas
780 361 933 424 amorque
954 339 1118 405 fraternus
1136 343 1209 408 nul·

248 428 317 490 lum
338 449 390 490 me
412 428 536 512 patitur
559 427 658 492 officii
680 448 758 510 erga
780 430 812 491 te
831 428 991 512 studiique
1009 451 1127 496 munus
1151 433 1206 496 aut

248 518 377 599 tempus
400 516 665 600 praetermittere.
711 514 786 599 Sed,
813 537 896 599 quae
917 517 1035 581 faciam
1061 517 1206 584 fecerim-

249 625 311 688 que
342 625 402 688 pro
434 607 481 689 tc,
512 625 552 668 ex
573 604 702 668 illorum
733 607 766 668 te
793 605 909 668 fitteris
937 627 1035 689 quam
1061 627 1101 671 ex
1127 606 1207 671 meis

248 692 335 756 malo
358 713 566 778 cognoscere,
588 693 665 776 quid
688 695 797 756 autem
820 714 946 778 sperem
968 697 1026 758 aut
1045 694 1204 760 confidam

250 784 283 844 et
305 781 508 864 exploratum
528 781 668 845 habeam
690 781 730 844 de
752 781 856 845 salute
878 784 951 865 tua,
973 781 1007 844 id
1029 783 1089 846 tibi
1111 805 1132 846 a
1153 804 1208 846 me

250 869 405 934 declarari
435 870 523 934 volo:
553 891 643 953 nam,
675 869 703 933 si
733 870 903 952 quisquam
936 873 986 934 est
1011 871 1142 936 timidus
1169 871 1206 936 in

249 958 377 1042 magnis
404 958 655 1042 periculosisque
682 958 778 1022 rebus
808 978 995 1042 semperque
1022 959 1127 1044 magis
1150 959 1207 1023 ad·

249 1067 360 1112 versos
381 1068 489 1111 rerum
512 1047 615 1112 exitus
638 1051 784 1111 metuens
811 1068 909 1129 quam
931 1068 1065 1130 sperans
1093 1068 1207 1112 secun·

249 1134 367 1220 dosis
390 1156 451 1220 ego
475 1139 615 1219 sumet,
642 1136 669 1200 si
691 1135 754 1200 hoc
774 1134 890 1198 vitium
912 1138 975 1219 est,
1002 1156 1040 1199 eo
1063 1156 1114 1200 me
1137 1157 1206 1200 non

213 1240 356 1288 acerete
384 1223 552 1308 confiteor3
584 1245 645 1308 ego
667 1224 753 1288 idem
774 1226 898 1307 tamen,
930 1245 1029 1308 quum
1056 1245 1084 1287 a.
1112 1224 1142 1288 d.
1164 1222 1208 1289 V.

248 1310 321 1376 Kal.
342 1313 549 1376 intercalares
571 1313 695 1396 priores
712 1313 830 1396 rogatu
847 1311 985 1374 fratrum
1002 1315 1133 1376 tuorum
1152 1333 1207 1376 ve·

247 1400 368 1464 nissem
395 1422 490 1464 manc
518 1401 559 1465 ad
587 1399 757 1464 Caesarem
784 1403 880 1483 atquc
908 1421 1037 1464 omnem
1065 1400 1206 1464 adeundi

248 1491 282 1552 et
299 1489 511 1553 conveniendi
528 1489 615 1553 illius
637 1488 865 1573 indignitatem
884 1491 917 1552 et
933 1488 1116 1552 molestiam
1133 1510 1207 1572 per-

247 1577 403 1660 tulissem,
425 1600 524 1661 quum
546 1577 663 1642 fratres
686 1581 719 1640 et
740 1576 914 1661 propinqui
935 1575 984 1640 tui
1002 1576 1145 1640 iacerent
1163 1575 1205 1640 ad

248 1666 345 1749 pedes
369 1670 402 1730 et
419 1686 480 1751 ego
501 1688 604 1730 essem
622 1666 759 1748 locutus,
781 1686 863 1748 quae
882 1685 988 1747 causa,
1011 1686 1092 1748 quae
1110 1669 1206 1730 tuum

248 1757 375 1838 tempus
397 1755 592 1838 postulabat,
614 1775 683 1818 non
701 1754 806 1818 solum
824 1775 863 1816 cx
882 1753 1028 1818 oratione
1048 1750 1207 1838 Caesaris,

248 1864 330 1926 quae
363 1865 440 1908 sane
471 1843 577 1908 mollis
610 1846 644 1906 et
673 1841 815 1906 liberalis
846 1841 923 1926 fuit,
955 1841 1012 1904 sed
1039 1841 1137 1906 etiam
1165 1863 1205 1906 ex

249 1932 349 1996 oeulis
372 1934 405 1996 et
426 1933 528 2016 vultu,
551 1953 589 1996 ex
606 1931 718 1996 multis
737 1933 904 2015 praeterea
922 1929 1033 2015 signis,
1055 1951 1138 2014 quae
1155 1931 1206 1994 fa·

248 2020 339 2084 cilius
361 2021 541 2105 perspicere
563 2020 656 2104 potui
679 2041 776 2104 quam
798 2019 945 2102 scribere,
967 2017 1029 2082 hac
1050 2018 1206 2102 opinione

212 2123 228 2171 e
247 2109 388 2193 discessi,
409 2114 448 2174 ut
469 2110 550 2174 mihi
570 2112 628 2174 tua
651 2109 737 2174 salus
756 2107 853 2172 dubie
870 2129 939 2171 non
957 2109 1048 2170 esset.
1086 2105 1204 2182 Quam·

248 2198 359 2263 obrem
380 2198 433 2262 fac
456 2199 564 2262 animo
591 2217 712 2282 magno
738 2196 878 2279 fortique
907 2195 950 2259 sis
974 2198 1019 2279 ct,
1047 2195 1075 2260 si
1101 2195 1204 2259 turbi-

248 2285 380 2350 dissima
403 2287 565 2370 sapienter
587 2286 727 2368 ferebas,
753 2283 978 2367 tranquilliora
999 2284 1083 2347 laete
1107 2283 1205 2348 feras.

246 2372 320 2457 Ego
342 2377 454 2437 tamen
475 2374 541 2438 tuis
559 2374 655 2437 rebus
674 2374 720 2438 sic
739 2372 844 2455 adero,
866 2377 904 2436 ut
921 2371 1128 2456 difficillimis,
1146 2393 1205 2436 ne-

247 2481 309 2543 que
328 2459 457 2525 Caesari
480 2462 594 2545 solum,
616 2461 673 2526 sed
695 2461 793 2525 etiam
816 2461 927 2524 amicis
951 2459 1019 2524 eius
1043 2460 1205 2544 omnibus,

136 2592 138 2596 s
248 2569 328 2632 quos
351 2548 431 2612 mihi
454 2550 666 2615 amicissimos
688 2570 757 2614 csse
780 2549 931 2634 cognovi,
958 2570 1017 2631 pro
1044 2551 1092 2633 te,
1119 2549 1205 2614 sicut

247 2635 352 2700 adhuc
374 2635 445 2721 feci,
467 2637 679 2704 libentissime
703 2637 900 2726 supplicabo.
945 2635 1036 2702 Vale.

688 2813 760 2880 XV.

381 2924 438 2980 Sor.
457 2925 553 2996 paullo
572 2927 638 2995 post
655 2927 721 2980 Idus
738 2925 856 2980 Martias
874 2941 899 2979 a.
917 2941 945 2979 u.
963 2941 987 2980 o.
1008 2929 1067 2979 llo.

538 3048 666 3105 CICERO
685 3047 814 3104 BASILO
834 3047 909 3104 SAL.

314 3148 388 3214 Tibi
401 3149 555 3234 gratulor,
564 3148 645 3212 mihi
658 3149 798 3234 gaudeo,
811 3153 843 3212 te
858 3170 940 3231 amo,
948 3152 1006 3212 tua
1018 3151 1126 3229 tueor,
1139 3169 1160 3212 a
1168 3150 1204 3212 te

247 3238 349 3303 amari
363 3241 404 3321 et,
421 3237 499 3321 quid
513 3257 591 3322 agas
605 3237 745 3321 quidque
759 3239 884 3322 agatem,
902 3236 1018 3300 certior
1034 3235 1104 3299 fieri
1117 3237 1203 3300 volo.

317 3394 369 3464 Ep.
386 3400 427 3460 14,
443 3400 467 3448 1.
504 3393 645 3460 confluam
667 3409 714 3462 eqo
733 3393 808 3460 (WI.
854 3393 987 3459 confiteor.
1024 3391 1088 3462 qu
1106 3391 1200 3460 vulgo.

246 3463 298 3533 Ep.
319 3470 360 3518 15.
395 3465 460 3518 Tibi
476 3481 528 3533 qr,
545 3463 614 3517 miti
630 3479 672 3532 9.;
689 3468 714 3518 tc
731 3480 767 3530 a,
785 3468 835 3517 tao
852 3467 871 3518 t.
877 3483 888 3529 ;
906 3479 925 3517 a
942 3467 967 3518 te
981 3461 1055 3530 (W.).
1094 3459 1127 3515 T.
1145 3477 1204 3531 qn,-

246 3550 280 3588 m.
295 3550 336 3603 9.,·
354 3539 380 3588 tc
398 3551 440 3600 a.‚·
457 3540 508 3590 tua
525 3539 560 3599 t.;
578 3551 596 3587 a
614 3538 640 3588 tc
656 3533 688 3586 Β.
