2610 3980
326 195 584 252 EPISTOLARUM
604 199 651 253 111.
672 205 712 252 ιι.
729 204 769 253 sa
983 197 1027 261 89

87 362 341 513 llltfltt
354 342 1028 515 {ttltlmbtlttllllttqlztl

85 539 173 601 neque
191 539 261 584 non
279 540 331 581 me
349 523 459 582 tamen
477 518 603 584 mordet
621 518 749 602 aliquid.
785 517 824 584 In
844 541 907 604 quo
925 541 1027 584 unum

85 624 282 688 nonvereor,
304 627 345 670 ne
368 609 404 670 tu
428 627 542 690 parum
565 607 740 692 perspicias
763 629 813 693 ea,
836 613 1028 692 quaegesta

85 698 156 778 sunt,
179 694 221 758 ab
245 694 317 758 aliis
337 715 406 758 esse
426 699 526 778 gesta,
549 695 665 778 quibus
685 716 745 781 ego
764 697 811 760 ita
828 695 1027 780 mandaram,

84 787 120 866 ut,
140 805 239 866 quum
263 786 331 846 tam
354 783 452 868 longe
475 783 622 848 afuturus
646 805 758 868 essem,
782 784 955 849 admone
978 806 1026 848 re·

83 871 204 954 ferrent,
233 874 381 956 agerent,
409 873 494 955 quod
516 872 717 954 probassent.
762 871 801 935 ln
828 873 890 938 hoo
917 876 1060 938 autema

82 959 149 1022 mihi
170 959 253 1024 illud
275 960 427 1024 occurrit:
459 960 555 1044 „quid
576 965 613 1024 tu
639 961 752 1044 igitur,
780 961 808 1024 si
835 961 1026 1040 almisses?“

81 1067 139 1110 rem
160 1047 365 1132 probassem,
394 1047 431 1112 de
454 1051 615 1132 tempore,
641 1048 723 1112 nihil
746 1053 778 1112 te
801 1049 917 1132 invito,
931 1049 1027 1114 -nihil

82 1135 141 1198 sine
163 1135 299 1200 consilio
323 1137 461 1220 egissem
488 1140 555 1202 tuo.
600 1135 700 1200 Vides
728 1137 842 1200 sudare
869 1157 920 1200 me
947 1137 1026 1200 iam·

82 1223 191 1288 dudum
212 1223 430 1308 laborantem,
457 1223 616 1309 quomodo
646 1246 685 1288 ea
706 1227 811 1308 tuear,
839 1245 919 1308 quae
946 1225 1026 1290 mihi

81 1312 190 1378 tuenda
214 1315 303 1396 sunt,
331 1316 368 1377 ut
390 1316 422 1376 te
450 1333 517 1378 non
545 1312 717 1377 offendam:
750 1314 821 1378 leva
848 1334 900 1377 me
926 1313 1027 1398 igitur

81 1398 135 1465 hoe
161 1421 272 1484 onere3
303 1421 482 1484 numquam
509 1402 595 1465 enim
627 1401 707 1465 mihi
734 1402 844 1466 videor
869 1406 1026 1468 tractasse

81 1509 203 1553 eausam
226 1488 448 1553 difficiliorem.
494 1487 546 1554 Sia
573 1489 692 1554 habeto
720 1493 843 1555 tamen:
870 1491 933 1556 nisi
960 1491 1026 1555 iam

80 1579 149 1640 tuno
172 1578 281 1642 omnia
303 1578 437 1662 negotia
459 1598 532 1642 oum
555 1599 681 1642 summa
698 1581 755 1641 tua
774 1578 933 1663 dignitate
956 1579 1025 1643 dili·

80 1665 258 1747 gentissime
282 1666 506 1748 confecissem,
528 1667 659 1730 tametsi
685 1665 767 1730 nibil
794 1667 962 1732 videbatur
985 1667 1024 1731 ad

79 1773 178 1816 meum
196 1773 274 1838 erga
294 1757 327 1818 te
345 1753 518 1838 pristinum
537 1755 679 1818 studium
697 1754 772 1820 addi
790 1777 893 1839 posse,
915 1761 1025 1819 tamen

78 1839 132 1904 hae
158 1841 239 1906 mihi
267 1841 426 1908 affinitate
453 1843 604 1906 nuntiata
630 1864 699 1908 non
725 1845 845 1908 maiore
878 1844 1024 1928 equidem

78 1929 190 2013 studio,
214 1930 271 1994 sad
294 1931 412 2013 aerius,
441 1931 597 2016 apertius,
624 1931 859 2016 significantius
887 1932 1024 2018 dignita·

76 2019 135 2082 tem
157 2021 249 2082 tuam
273 2018 497 2084 defendissem.
531 2018 708 2084 Decedenti
726 2020 806 2083 mihi
829 2023 862 2083 et
883 2021 948 2083 iam
966 2020 1024 2083 im·
1043 2034 1060 2082 4

74 2107 159 2186 perio
192 2128 303 2173 annuo
332 2108 506 2172 terminato
539 2111 614 2171 ante
646 2108 675 2172 d.
703 2125 753 2172 111.
784 2105 897 2171 Nonas
931 2105 1025 2190 Sext,

74 2215 168 2276 quum
191 2195 234 2260 ad
252 2193 363 2262 Sidam
385 2196 462 2260 navi
485 2195 669 2260 accederem
693 2199 725 2260 et
747 2215 872 2259 meeum
895 2194 931 2271 Q.
955 2193 1024 2260 Ser-

73 2283 163 2347 vilius
187 2286 283 2368 esset,
305 2284 432 2348 litterae
457 2306 476 2348 a
498 2285 579 2348 meis
598 2288 676 2349 sunt
693 2283 849 2349 redditast
873 2283 938 2347 dixi
962 2286 1024 2348 sta·
1138 2349 1140 2353 ,

71 2371 125 2434 tim
149 2369 288 2437 Servilio
303 2409 344 2420 —
361 2372 480 2436 etenim
502 2372 672 2437 videbatur
691 2393 760 2437 esse
779 2375 958 2437 commotus
972 2409 1025 2456 -,

71 2463 103 2521 ut
130 2460 245 2526 omnia
274 2481 367 2526 ame
394 2461 518 2526 maiora
547 2463 762 2544 exspectarem
792 2461 868 2545 qnid
900 2461 1024 2525 multa?

70 2545 312 2615 benevolentior
330 2549 399 2632 tibi,
418 2569 514 2632 quam
531 2549 589 2632 fui,
611 2549 713 2615 nihilo
733 2570 804 2612 sum
821 2549 940 2634 faetus,
954 2549 1022 2613 dili-

69 2636 196 2717 gentior
216 2637 257 2700 ad
276 2637 502 2702 deelarandam
520 2636 778 2702 benevolentiam
798 2637 914 2720 multo3
936 2659 1023 2722 nam,

68 2726 101 2786 ut
123 2727 221 2790 vetus
243 2727 357 2790 nostra
385 2725 530 2792 simultas
558 2729 654 2790 antea
682 2725 870 2790 stimulabat
895 2747 959 2809 me,
986 2731 1023 2790 ut

68 2831 223 2897 caverem,
245 2833 288 2881 ne
311 2814 362 2878 oni
378 2813 600 2897 suspitionem
618 2813 691 2878 fiete
708 2813 940 2878 reconciliatae·
951 2834 1022 2898 gra-

66 2899 128 2964 tiae
161 2901 288 2985 darem,
322 2903 367 2966 sie
399 2901 541 2966 affinitas
572 2923 659 2966 nova
690 2921 776 2966 nuno
804 2921 913 2965 euram
945 2901 1024 2966 mihi

68 2987 158 3052 affert
171 2989 318 3074 cavendi,
335 3010 376 3054 ne
391 2989 468 3072 quid
481 2989 520 3052 de
540 3011 664 3054 summo
683 3009 754 3054 meo
774 3010 851 3074 erga
869 2993 900 3053 te
916 3011 1024 3055 amore

69 3073 248 3143 damaetam
271 3099 341 3146 esse
364 3078 520 3142 videatur.

135 3303 189 3374 Ep.
213 3311 254 3373 12,
269 3312 294 3359 2.
335 3309 493 3374 pestutum
512 3303 576 3374 (ll).
619 3319 644 3374 9.
664 3304 720 3358 stat
738 3303 802 3358 ΜΒ.
822 3335 855 3343 -
880 3301 951 3372 qaod
968 3301 1024 3368 ipsi
1035 3315 1045 3332 ‘

68 3373 226 3434 probassent
250 3374 335 3444 (W.)?
384 3381 408 3428 4.
441 3389 513 3430 novo
534 3389 608 3430 nuuc
632 3391 726 3430 earam
750 3375 885 3448 (Kayser).
926 3386 1024 3426 novam

71 3455 159 3499 mrum
177 3445 218 3499 M.
254 3461 326 3500 nova
344 3461 439 3500 earam
456 3445 486 3500 B.
