2658 3986
358 247 617 304 EPISTOLARUM
637 248 697 302 vn.
717 255 759 303 aa
779 255 821 304 aa.
1001 248 1064 312 221

105 392 308 460 domicilium
338 392 435 458 hrrius
467 393 569 477 urbis,
601 414 700 476 quum
727 393 856 476 quidem
883 393 963 458 haec
989 395 1067 459 urbs

103 483 183 563 fait,
207 481 314 566 aptius
337 481 533 547 humanitati
555 485 589 545 et
611 481 763 546 suavitati
784 485 860 547 tuae
879 503 975 566 quam
997 486 1068 547 tota

106 571 367 654 Peloponnesus,
396 571 515 634 nedum
540 569 672 634 Petrae:
703 591 791 635 nune
818 574 932 636 eontra
963 573 997 634 et
1023 572 1067 636 vi·

107 659 195 724 disse
218 658 298 723 mihi
321 660 459 724 multum
480 658 611 742 videris,
638 681 737 750 quum
763 681 863 743 prope
892 659 1068 743 desperatis

107 749 161 812 his
184 748 281 811 rebus
304 751 337 811 te
355 747 391 812 in
409 746 577 812 Graeciam
596 748 771 832 contulisti,
794 752 826 811 et
844 747 905 812 hoc
923 751 1068 832 tempore

108 857 179 902 uon
202 836 307 901 solum
330 836 473 920 sapiens,
496 836 551 920 qui
572 835 649 901 hinc
672 836 772 921 absis,
796 837 852 909 sed
875 836 972 902 etiam
994 837 1068 902 bea·

109 929 177 1008 tus,
201 945 397 1008 quamquam
420 925 505 1010 quis,
528 925 583 1009 qui
606 924 727 1011 aliquid
750 925 868 1010 sapiat,
890 946 977 990 nunc
1000 948 1069 990 esse

109 1014 226 1079 beatus
249 1014 379 1098 potest?
425 1011 501 1097 Sed,
523 1013 609 1098 quod
632 1017 683 1097 tu,
706 1014 756 1080 cui
779 1013 910 1097 licebat,
933 1014 1068 1098 pedibus
1087 1022 1103 1071 2

110 1124 145 1166 es
169 1104 371 1186 consecutus,
392 1106 430 1167 ut
451 1102 497 1165 ibi
520 1123 620 1185 esses,
646 1101 721 1186 „ubi
742 1123 803 1166 nee
824 1101 1070 1186 Pelopidarum“

111 1226 155 1238 -
179 1191 268 1255 nosti
290 1193 397 1256 cetera
419 1227 475 1275 —,
498 1212 559 1256 nos
586 1190 671 1254 idem
700 1190 932 1274 propemodum
960 1211 1070 1256 conse·

111 1279 241 1364 quimur
264 1279 327 1344 alia
349 1279 489 1363 ratione,
512 1301 611 1362 quum
630 1279 716 1344 enim
734 1278 921 1344 salutationi
939 1301 999 1344 nos
1018 1281 1070 1344 de·

111 1367 219 1432 dimus
249 1369 438 1452 amicorum,
466 1389 547 1452 quae
578 1368 617 1432 fit
646 1368 709 1433 hoc
737 1368 833 1432 etiam
861 1369 1071 1454 frequentius,

111 1479 211 1541 qnam
225 1457 358 1542 solebat,
379 1457 465 1541 quod
483 1457 575 1540 quasi
594 1478 686 1521 avem
700 1456 807 1521 albam
820 1457 971 1522 videntur
988 1457 1071 1522 bene

113 1545 307 1612 sentientem
331 1545 432 1610 civem
454 1545 571 1629 videre,
594 1546 678 1611 abdo
701 1567 752 1610 me
774 1546 810 1609 in
832 1545 1070 1611 bibliothecam.

112 1633 231 1718 Itaqua
254 1655 352 1718 opera
375 1634 479 1700 efficio
503 1638 609 1718 tanta,
632 1637 754 1718 quanta
775 1634 914 1700 fortasse
940 1638 977 1699 tu
1001 1657 1071 1700 sen-

113 1724 188 1806 ties3
211 1722 355 1788 intellexi
379 1723 465 1787 enim
488 1744 527 1788 ex
548 1726 605 1788 tuo
630 1743 777 1788 sermone
800 1724 949 1807 quodam,
972 1745 1071 1807 quum

113 1833 220 1876 meam
242 1812 436 1877 maestitiam
459 1814 493 1876 et
515 1811 772 1896 desperationem
795 1833 961 1876 accusares
984 1812 1071 1878 domi

113 1904 199 1980 tuae,
221 1899 343 1966 discere
365 1904 398 1965 te
421 1922 461 1964 ex
482 1899 561 1965 meis
584 1901 674 1965 libris
698 1901 841 1964 animum
864 1922 971 1965 meum
990 1900 1070 1964 desi·

114 1989 241 2073 derare;
268 1988 323 2054 sed
350 1988 531 2054 mehercule
560 1990 593 2053 et
615 1992 686 2053 tum
708 2011 776 2053 rem
798 1989 961 2072 publicam
982 1989 1106 2074 luge-c

114 2077 200 2161 bam,
223 2099 305 2162 quae
327 2099 396 2143 non
418 2079 524 2143 solum
545 2079 611 2143 sais
628 2097 701 2160 erpa
718 2097 774 2156 nae,
797 2076 970 2141 sedetiam
991 2078 1071 2141 meis

114 2186 194 2250 erga
217 2187 251 2231 se
273 2166 437 2231 beneficiis
459 2170 530 2231 erat
551 2166 632 2230 mihi
649 2168 714 2230 cito
733 2184 802 2230 meo
820 2165 935 2248 carior,
955 2167 988 2228 et
1009 2165 1072 2230 hoc

114 2258 271 2338 tempore,
288 2276 484 2339 quamquam
501 2277 552 2320 me
571 2276 639 2320 non
657 2254 740 2320 ratio
759 2255 864 2319 solum
878 2254 1072 2337 consolatur,

115 2362 200 2427 quae
221 2343 396 2427 plurimum
418 2345 514 2409 debet
538 2345 659 2428 valere,
682 2343 738 2408 sed
761 2343 858 2407 etiam
882 2342 962 2426 dies,
990 2363 1072 2426 quae

115 2431 224 2496 stultis
252 2453 378 2516 quoque
405 2432 526 2497 mederi
552 2433 648 2516 solet,
674 2435 785 2496 tamen
811 2431 904 2497 doleo
931 2431 978 2496 ita
1004 2453 1073 2496 rem

116 2541 320 2586 communem
343 2543 411 2587 esse
435 2521 606 2606 dilapsam,
632 2525 671 2586 ut
692 2542 733 2585 ne
757 2541 830 2606 spes
857 2520 986 2605 quidem
1008 2542 1072 2585 me

115 2609 177 2674 lius
211 2609 384 2694 aliquando
411 2610 481 2676 fore
513 2611 723 2694 relinquatur.
777 2607 846 2674 Nec
878 2631 953 2675 vero
985 2631 1073 2674 nunc

117 2697 246 2781 quidem
269 2700 364 2783 eulpa
389 2700 425 2762 in
448 2721 485 2765 eo
509 2703 571 2783 est,
600 2700 635 2763 in
662 2699 752 2764 cuius
776 2701 936 2782 potestate
965 2699 1073 2763 omnia

117 2790 194 2851 sunt
220 2823 262 2833 -
291 2787 354 2852 nisi
381 2787 466 2853 forte
494 2788 528 2852 id
556 2789 662 2872 ipsum
692 2809 760 2854 esse
792 2809 860 2852 non
887 2786 999 2852 debuit
1022 2822 1073 2872 -—,

116 2874 172 2939 sed
200 2875 265 2940 alia
292 2896 382 2960 casu,
409 2877 473 2940 alia
496 2877 593 2942 etiam
620 2880 733 2942 nostra
761 2877 855 2961 culpa
882 2876 928 2940 sic
951 2876 1072 2940 accide-

115 2966 207 3048 runt,
233 2966 271 3028 ut
296 2965 333 3030 de
358 2965 540 3050 praeteritis
567 2987 635 3031 non
663 2966 706 3030 sit
733 2964 938 3049 querendum.
987 2963 1072 3028 Reli·

117 3072 214 3135 quam
242 3073 332 3136 spem
358 3053 483 3118 nullam
505 3054 612 3137 video,
640 3075 738 3138 quare
766 3053 805 3117 ad
833 3054 937 3137 prima
964 3053 1072 3128 redeo:

117 3141 280 3224 sapienter
296 3140 377 3206 haec
395 3143 562 3226 reliquisti,
580 3143 608 3207 si
626 3141 770 3226 consilio,
783 3142 928 3224 feliciter,
946 3141 973 3204 si
988 3161 1073 3205 casu.

187 3366 307 3438 Ep.28,
327 3375 351 3423 1.
387 3369 454 3424 urbs
474 3369 544 3437 fait,
567 3370 661 3440 aptius
683 3368 758 3439 (Ψ).
808 3384 850 3433 aa,
869 3385 894 3421 a.
913 3365 960 3432 Μ.,
979 3365 1072 3436 vulgo.

117 3443 141 3492 8.
159 3440 228 3495 mela
239 3440 300 3496 vito
312 3455 372 3496 mea
385 3441 477 3497 carior
491 3441 568 3512 (Ν).
602 3457 637 3496 m.
651 3455 674 3497 c.
688 3439 725 3494 M.
761 3455 796 3494 m.
810 3439 869 3494 vita
882 3454 904 3494 c.
919 3436 1028 3506 Kleyn,
1041 3437 1073 3492 B.
