2578 3978
371 211 633 268 EPISTOLARUM
650 213 697 267 III.
719 219 796 268 1-3.
1018 211 1062 278 63

101 357 192 422 meis.
236 355 339 423 Vides
367 379 407 424 cx
435 360 568 423 senatus
597 358 745 424 consulto
772 358 970 444 provinciam
993 372 1099 424 esset

99 445 300 511 habendam:
324 445 353 511 si
375 467 456 530 eam,
474 444 561 531 quod
581 446 648 511 eius
665 446 773 510 facere
792 447 945 532 potueris,
965 468 1064 532 quam

101 534 378 618 expeditissimam
406 535 487 599 mihi
517 534 702 620 tradideris,
732 534 860 600 facilior
891 536 1064 602 eritmihi

100 621 377 796 lladredlliilff
403 620 790 797 cettonelli
811 645 858 798 t,
879 644 1064 797 isitii}

99 800 213 864 reniet
233 798 271 863 in
291 802 434 865 mentem
456 821 529 865 mea
550 801 715 886 interesse,
737 800 831 866 valde
853 821 944 887 rogo.
988 799 1064 866 Plu·

98 888 194 953 ribus
215 887 324 953 verbis
347 887 389 952 ad
410 891 443 953 te
466 888 647 974 scriberem,
671 889 699 954 si
721 893 778 955 aut
799 892 858 954 tua
875 890 1065 955 humanitas

98 977 286 1062 longiorem
304 976 485 1043 orationem
504 978 705 1062 exspectaret
726 980 784 1042 aut
805 978 839 1042 id
857 978 927 1042 fieri
949 981 1063 1044 nostra

99 1066 247 1130 amicitia
269 1067 434 1151 pateretur
456 1069 513 1131 aut
534 1087 586 1131 res
603 1066 704 1131 verba
721 1066 918 1131 desideraret
940 1087 978 1132 ac
994 1087 1064 1132 non

98 1177 160 1239 pro
186 1175 222 1220 se
244 1154 319 1238 ipsa
339 1154 537 1238 loqueretur:
563 1154 626 1220 hoc
652 1155 751 1220 velim
772 1154 833 1219 tibi
859 1154 1066 1240 persuadeas,

99 1244 129 1309 si
149 1241 336 1308 rationibus
362 1243 442 1308 meis
468 1243 634 1329 provisum
661 1265 682 1307 a
706 1246 740 1308 te
769 1263 838 1308 esse
865 1243 1063 1329 intellexero,

97 1353 260 1418 magnam
289 1333 323 1396 te
349 1351 389 1397 ex
415 1353 453 1398 eo
480 1334 514 1397 ct
538 1334 728 1416 perpetuam
760 1332 960 1422 voluptatem
992 1351 1062 1398 esse

97 1425 287 1506 capturum.

551 1612 611 1679 HI.

195 1723 253 1783 Scr.
272 1725 414 1782 Bnmdisii
432 1727 550 1781 exeunte
567 1741 663 1782 mense
681 1725 757 1782 Maio
775 1742 800 1782 a.
819 1745 846 1782 n.
866 1745 889 1784 c.
909 1733 968 1784 703.

304 1850 342 1906 Μ.
361 1848 491 1906 CICERO
510 1848 538 1905 Β.
555 1850 590 1905 D.
609 1849 665 1905 ΑΡ.
684 1849 862 1906 PULCHRO.
993 1891 995 1897 -

169 1949 213 2016 A.
243 1949 274 2016 d.
305 1965 353 2015 ΣΙ.
383 1949 549 2016 Kalendas
580 1949 692 2016 Iunias
722 1950 932 2016 Brundisium
963 1965 1097 2036 quumr

98 2040 275 2125 venissem,
298 2037 334 2116 Q.
356 2037 476 2105 Fabius
499 2037 710 2124 Virgilianae,
730 2039 858 2124 legatus
876 2043 961 2122 tuns,
983 2039 1064 2104 mihi

97 2130 235 2215 praesto
267 2127 331 2192 fuit
362 2149 463 2212 eaque
493 2147 545 2192 me
573 2148 614 2193 ex
638 2127 704 2193 tuis
735 2127 896 2192 mandatis
927 2127 1063 2212 monuit,
1167 2161 1169 2164 ·

99 2239 188 2304 quae
211 2237 280 2283 non
301 2216 390 2299 mihi,
413 2215 573 2301 adquam
595 2216 811 2301 pertinebant,
833 2215 889 2281 sed
911 2215 1062 2281 universo

98 2305 234 2372 senatui
251 2307 409 2386 venerant
424 2304 461 2369 in
473 2308 625 2390 mentem,
643 2305 803 2390 praesidio
821 2304 962 2370 firmiore
981 2326 1063 2390 opus

98 2416 175 2460 esse
206 2393 246 2458 nd
272 2393 369 2458 istam
395 2392 608 2480 provinciam3
636 2394 812 2458 censebant
838 2393 924 2460 enim
951 2415 1063 2460 onmes

96 2485 187 2567 fere,
215 2481 309 2546 utin
330 2481 427 2548 Italia
450 2483 710 2567 supplementum
731 2482 811 2548 meis
834 2485 867 2549 et
888 2481 997 2548 Bibuli
1018 2484 1062 2547 le·

98 2570 260 2659 gionibus
282 2570 487 2636 scriberetur:
509 2570 544 2635 id
562 2592 662 2656 quum
680 2569 841 2657 Sulpicius
859 2571 972 2636 consul
990 2592 1062 2656 pas·

98 2681 220 2726 surum
241 2679 277 2724 se
298 2662 442 2746 negaret,
463 2661 568 2724 inulta
589 2661 654 2726 nos
669 2660 797 2744 quidem
816 2660 921 2743 questi
944 2680 1064 2746 snmus,

98 2749 162 2816 sed
184 2750 299 2813 tantus
321 2769 499 2815 consensus
523 2751 655 2814 senatus
676 2749 753 2834 fuit,
778 2751 817 2812 ut
842 2751 968 2813 mature
990 2770 1063 2834 pro·

96 2838 334 2924 ficisceremur,
365 2836 544 2922 parendum
574 2839 614 2901 ut
637 2836 748 2922 fuerit,
779 2836 888 2920 itaque
918 2837 1064 2904 fecimus

97 2925 215 3010 Nunc,
237 2925 323 3010 quod
345 2946 366 2991 a
385 2928 420 2991 to
442 2925 522 3012 petii
543 2924 704 2990 litteris''
681 2947 735 3010 ns,
753 2946 842 3010 quas
864 2924 988 2991 Romae
1015 2928 1064 2992 ta·

97 3015 251 3082 bellariis
277 3014 342 3080 tuis
373 3013 459 3099 dedi,
489 3013 587 3080 velim
613 3013 675 3078 tibi
701 3033 796 3078 curae
823 3013 879 3098 sit,
904 3017 955 3099 ut,
982 3033 1066 3099 quae

90 3103 286 3192 successori
308 3064 573 3170 coniunclissimo
597 3105 630 3166 et
647 3101 841 3168 amicissimo
860 3101 1067 3168 commodare

97 3192 248 3282 potest
238 3213 280 3277 rs,
307 3192 361 3278 qui
384 3191 585 3277 provinciam
606 3190 719 3277 tradit
691 3193 783 3257 tut
805 3212 843 3256 ea
869 3211 928 3274 pro
951 3191 1065 3254 nostra

98 3280 386 3366 consociatissima
420 3281 570 3346 voluntat
536 3301 588 3344 ae
625 3301 701 3345 cura
736 3299 775 3344 ac
808 3276 976 3363 diligentia
1006 3279 1065 3341 tua

174 3491 231 3562 Ep.
250 3495 315 3560 2‚.2
351 3489 654 3562 pacddasfifflss..)
690 3484 946 3558 pcccdc.f.(edd.
966 3486 1066 3556 vetti?

99 3561 471 3632 -mapncmtceafflt
507 3558 780 3626 mmeecllulle
798 3556 830 3610 B
