2606 3994
272 241 339 306 530
554 240 592 294 Μ.
611 239 735 295 TULLII
753 237 944 294 CICERONIS

271 386 430 450 rationem
462 386 580 449 amoris
607 385 668 449 tui!
700 384 852 468 primum,
884 383 981 468 quod,
1000 383 1061 446 tibi
1086 381 1224 446 facetum

271 475 412 556 videtur,
435 473 588 557 quidquid
612 493 672 558 ego
697 472 775 556 dixi,
797 472 883 556 quod
907 472 978 536 aliis
1000 471 1139 535 fortasse
1161 491 1225 534 non

271 563 362 646 item3
385 562 509 645 deinde,
532 561 618 645 quod
640 561 705 643 illa,
728 561 793 625 sive
816 560 922 625 faceta
944 562 1022 624 sunt
1007 559 1112 624 tsivc
1131 579 1226 640 secus,

271 651 355 714 fiunt
386 653 538 714 narrante
565 653 598 712 te
626 648 866 731 venustissima,
897 647 1112 732 quinetiam,
1141 650 1225 710 ante·

273 760 369 822 quam
393 738 433 801 ad
456 759 507 801 me
529 738 686 820 veniatur,
709 737 792 801 risus
816 736 921 800 omnis
943 757 1047 820 paene
1071 735 1225 799 consumi-

236 830 333 890 atur
370 824 506 900 Quod
481 847 509 890 s1
526 824 562 888 in
583 825 623 890 iis
647 823 822 888 scribendis
845 824 928 889 nihil
946 823 1034 888 aliud
1052 823 1125 907 nisi,
1146 821 1225 906 quod

271 935 402 978 necesse
430 913 506 997 fuit,
534 913 573 978 de
600 935 666 978 uno
689 934 740 978 me
766 912 891 976 tamdiu
919 912 1144 996 cogitavisses,
1170 911 1225 978 fer·

271 1023 345 1067 reus
368 1023 479 1085 essem,
502 1001 531 1065 si
547 1005 580 1065 tc
599 1023 667 1066 non
685 1022 840 1083 amarem,
863 1022 961 1084 quum
982 1021 1058 1064 vcro
1077 1021 1124 1083 ea,
1150 1019 1225 1098 quac

272 1090 430 1174 scriptura
462 1092 647 1174 persecutus
675 1110 722 1172 es,
755 1089 824 1152 sine
852 1109 977 1152 summo
1006 1108 1114 1151 amore
1145 1087 1225 1171 cogi

272 1182 341 1242 tare
372 1199 440 1242 non
476 1178 634 1262 potueris,
671 1198 738 1242 non
774 1197 906 1260 possum
942 1174 1124 1239 existimare
1160 1175 1225 1260 plus

273 1287 465 1350 quemquam
486 1287 507 1330 3
530 1287 564 1330 se
582 1266 653 1349 ipso
673 1284 769 1348 quam
788 1285 838 1328 me
860 1267 929 1328 ets
953 1264 1066 1328 amari:
1090 1264 1147 1326 cui
1165 1263 1225 1347 qui·

273 1355 345 1418 dem
364 1374 424 1439 ego
444 1355 547 1418 amori
564 1355 690 1418 utinam
709 1353 823 1417 ceteris
840 1353 935 1416 rebus
954 1353 1096 1436 possem!
1120 1371 1225 1416 amore

273 1445 358 1506 certe
380 1441 596 1526 respondebo,
624 1461 687 1526 quo
709 1440 913 1524 tamen1pso
940 1441 1002 1504 tibi
1029 1439 1161 1505 confido
1183 1439 1225 1503 fu·

238 1543 255 1590 4
273 1532 382 1593 turum
405 1529 492 1593 satis.
528 1527 624 1593 Nunc
647 1529 688 1594 ad
711 1529 881 1612 epistolam
903 1529 1007 1611 venio,
1030 1529 1082 1592 oui
1100 1529 1226 1613 copiose

273 1621 306 1681 et
328 1617 468 1682 suaviter
495 1617 634 1701 scriptae
664 1615 748 1681 nihil
778 1620 829 1681 est
855 1616 941 1701 quod
969 1617 1071 1680 multa
1097 1637 1226 1700 respon·

272 1705 378 1770 deam:
408 1705 547 1789 primum
573 1706 660 1770 enim
688 1726 748 1790 ego
775 1705 848 1768 illas
876 1702 975 1769 Calvo
1002 1705 1131 1768 litteras
1160 1703 1226 1768 misi

272 1815 339 1858 non
366 1795 439 1878 plus
466 1815 562 1877 quam
588 1794 662 1878 has,
695 1815 774 1877 quas
801 1813 888 1857 nuno
915 1793 1010 1878 legis,
1042 1793 1226 1857 existimans

273 1883 426 1966 exituras,
449 1883 543 1946 'aliter
561 1883 646 1946 enim
665 1882 843 1964 scribimus,
865 1881 951 1965 quod
970 1901 1025 1945 cos
1047 1881 1146 1965 solos,
1166 1881 1226 1965 qui-

272 1971 332 2035 bus
353 1971 520 2054 mittimus,
542 1971 644 2053 aliter,
665 1970 751 2053 quod
770 1971 890 2034 multos
906 1970 1046 2034 lecturos
1064 1972 1227 2053 putamus,

273 2058 387 2122 deinde
418 2059 586 2143 ingenium
620 2059 688 2122 cius
723 2058 899 2122 maioribus
935 2057 1035 2121 extuli
1070 2058 1227 2138 laudibus,

273 2168 370 2230 quam
391 2149 428 2210 tu
449 2147 483 2210 id
502 2167 574 2211 vere
597 2147 741 2230 potuisse
762 2145 832 2209 fieri
854 2149 960 2230 putas,
980 2147 1122 2230 primum
1146 2145 1227 2229 quod
1279 2165 1280 2200 1

272 2236 319 2298 ita
349 2234 543 2299 iudicabam:
575 2237 668 2299 acute
699 2234 901 2316 mou-ebatum
933 2253 1036 2319 genus
1068 2235 1227 2317 quoddam

273 2323 475 2407 sequebatur,
497 2324 533 2386 in
555 2344 619 2407 quo
641 2322 760 2387 iudicio
782 2323 906 2406 lapsus,
930 2344 993 2406 quo
1016 2321 1163 2406 valebat,
1184 2327 1227 2386 ta-

272 2432 347 2475 men
371 2411 613 2495 assequebatur,
636 2410 721 2494 quod
743 2411 910 2494 probaret,
937 2411 1058 2474 multae
1081 2413 1228 2475 orantei

272 2498 456 2562 reconditae
479 2499 615 2581 litterae,
636 2500 685 2563 vis
704 2519 772 2562 non
795 2502 876 2562 erat:
900 2498 941 2563 ad
965 2518 1036 2562 eam
1051 2499 1155 2582 igitur
1179 2499 1227 2564 ad·

272 2585 442 2669 hortabar3
471 2586 506 2650 in
529 2586 697 2651 excitando
721 2589 828 2651 autem
851 2586 941 2650 etin
964 2586 1107 2651 acuendo
1132 2587 1227 2672 pluri-

272 2695 361 2739 mum
383 2674 478 2758 valet,
501 2674 528 2738 si
550 2674 661 2738 laudes
684 2696 767 2757 eum,
789 2695 883 2758 quem
906 2674 1082 2738 cohortere.
1119 2675 1227 2740 Habes

273 2763 312 2826 de
340 2761 439 2828 Calvo
454 2763 619 2827 iudicium
647 2765 680 2826 et
706 2762 875 2827 consilium
898 2783 1018 2826 meum:
1050 2764 1228 2845 consilium,

273 2851 359 2935 quod
384 2851 538 2916 hortandi
570 2871 666 2916 causa
697 2850 840 2934 laudavi3
875 2848 1042 2936 iudicium,
1073 2851 1162 2935 quod
1193 2852 1227 2916 de

341 3075 393 3160 Ε3.
412 3083 455 3146 21,
470 3083 495 3132 2.
531 3077 603 3146 quod
626 3077 691 3132 otiis
712 3077 827 3144 fortusse
850 3075 954 3146 (Orata)
995 3094 1020 3148 q.
1042 3078 1138 3144 aliis.
1163 3079 1227 3132 ΜΒ.

272 3120 634 3216 -sc'veccods(00rrad..)
670 3147 832 3202 asicMB.
869 3154 894 3202 4.
921 3163 1054 3203 3333333333
1072 3147 1213 3218 (W)
1186 3166 1229 3214 m,

271 3233 329 3274 33333
345 3219 498 3290 vulgo-
523 3219 674 3272 maioribus
696 3219 782 3272 eatuli
804 3218 899 3287 (Era.)
935 3217 1091 3274 melioribus
1109 3223 1163 3274 ent
1183 3219 1227 3286 M,

271 3289 419 3412 vulgo-
385 3293 530 3372 *33333
546 3288 667 3371 33333333
680 3289 789 3356 quodi.
806 3289 978 3344 iudicabam:
996 3307 1022 3344 3.
1036 3306 1070 3344 m
1089 3290 1142 3360 (W.
1145 3291 1164 3356 ).
1197 3306 1228 3358 3.

273 3359 452 3414 Primmn-
470 3358 831 3428 q.i.i--...-am13
797 3360 1121 3430 -ί3333ο33ἀ3333(
1191 3363 1227 3441 ρ).

271 3445 304 3483 333
321 3445 382 3498 quo,
400 3429 420 3483 i.
438 3428 514 3498 Em,
532 3429 622 3482 B.—
586 3429 771 3496 -probaru
793 3429 849 3497 (M,
868 3431 973 3512 vulgo),
1004 3431 1141 3499 probarat
1188 3430 1227 3500 ip·

271 3499 386 3635 33331133,
404 3499 526 3623 itmlp
503 3470 600 3566 p.;rco
622 3499 768 3554 multae..
778 3471 922 3568 ‚litteram
939 3502 982 3556 uis
1000 3500 1075 3573 (ΜΕ.)
1105 3517 1153 3570 33.
1185 3499 1226 3555 Μ

385 3583 428 3624 ms
494 3583 539 3637 go.
