<?xml version="1.0" encoding="UTF-8"?>
<!DOCTYPE html PUBLIC "-//W3C//DTD XHTML 1.0 Transitional//EN"
    "http://www.w3.org/TR/xhtml1/DTD/xhtml1-transitional.dtd">
<html xmlns="http://www.w3.org/1999/xhtml" xml:lang="en" lang="en">
 <head>
  <title>
</title>
<meta http-equiv="Content-Type" content="text/html;charset=utf-8" />
  <meta name='ocr-system' content='tesseract 3.04.00' />
  <meta name='ocr-capabilities' content='ocr_page ocr_carea ocr_par ocr_line ocrx_word'/>
</head>
<body>
  <div class='ocr_page' id='page_1' title='image "./epistolae00wesegoog_0425.png"; bbox 0 0 2646 3990; ppageno 0'>
   <div class='ocr_carea' id='block_1_1' title="bbox 407 221 1113 288">
    <p class='ocr_par' dir='ltr' id='par_1_1' title="bbox 407 221 1113 288">
     <span class='ocr_line' id='line_1_1' title="bbox 407 221 1113 288; baseline 0.018 -13"><span class='ocrx_word' id='word_1_1' title='bbox 407 221 666 280; x_wconf 79' lang='lat' dir='ltr'><strong>EPISTOLARUM</strong></span> <span class='ocrx_word' id='word_1_2' title='bbox 683 223 744 279; x_wconf 86' lang='lat' dir='ltr'>XII.</span> <span class='ocrx_word' id='word_1_3' title='bbox 762 229 805 280; x_wconf 65' lang='grc' dir='ltr'>ιι</span> <span class='ocrx_word' id='word_1_4' title='bbox 824 230 867 278; x_wconf 79' lang='grc'>30.</span> <span class='ocrx_word' id='word_1_5' title='bbox 1047 223 1113 288; x_wconf 84' lang='lat'>413</span> 
     </span>
    </p>
   </div>
   <div class='ocr_carea' id='block_1_2' title="bbox 158 347 1256 542">
    <p class='ocr_par' dir='ltr' id='par_1_2' title="bbox 158 347 1256 542">
     <span class='ocr_line' id='line_1_2' title="bbox 159 347 1256 472; baseline 0.004 -42"><span class='ocrx_word' id='word_1_6' title='bbox 159 364 349 450; x_wconf 75' lang='lat' dir='ltr'>crebriores,</span> <span class='ocrx_word' id='word_1_7' title='bbox 385 381 490 450; x_wconf 86' lang='lat' dir='ltr'>quum</span> <span class='ocrx_word' id='word_1_8' title='bbox 515 370 552 434; x_wconf 90' lang='lat' dir='ltr'>tu</span> <span class='ocrx_word' id='word_1_9' title='bbox 583 368 664 434; x_wconf 90' lang='lat' dir='ltr'>mihi</span> <span class='ocrx_word' id='word_1_10' title='bbox 694 389 767 434; x_wconf 87' lang='lat' dir='ltr'>raro</span> <span class='ocrx_word' id='word_1_11' title='bbox 798 368 923 452; x_wconf 85' lang='lat' dir='ltr'>mittas,</span> <span class='ocrx_word' id='word_1_12' title='bbox 958 367 1114 472; x_wconf 79' lang='lat' dir='ltr'>flugitare.</span> <span class='ocrx_word' id='word_1_13' title='bbox 1220 347 1256 406; x_wconf 69' lang='lat'>⁸</span> 
     </span>
     <span class='ocr_line' id='line_1_3' title="bbox 158 417 1148 542; baseline -0.001 -22"><span class='ocrx_word' id='word_1_14' title='bbox 158 453 262 539; x_wconf 85' lang='lat' dir='ltr'>Nam,</span> <span class='ocrx_word' id='word_1_15' title='bbox 289 477 388 539; x_wconf 91' lang='lat' dir='ltr'>quum</span> <span class='ocrx_word' id='word_1_16' title='bbox 411 458 507 522; x_wconf 83' lang='lat' dir='ltr'>antea</span> <span class='ocrx_word' id='word_1_17' title='bbox 529 456 706 522; x_wconf 72' lang='lat' dir='ltr'>distinebar</span> <span class='ocrx_word' id='word_1_18' title='bbox 727 457 874 522; x_wconf 80' lang='lat' dir='ltr'>maximis</span> <span class='ocrx_word' id='word_1_19' title='bbox 897 417 1113 542; x_wconf 74' lang='lat' dir='ltr'>decupationi-</span> <span class='ocrx_word' id='word_1_20' title='bbox 1132 471 1148 519; x_wconf 83' lang='grc' dir='ltr'>ι</span> 
     </span>
    </p>
   </div>
   <div class='ocr_carea' id='block_1_3' title="bbox 159 543 1114 719">
    <p class='ocr_par' dir='ltr' id='par_1_3' title="bbox 159 543 1114 719">
     <span class='ocr_line' id='line_1_4' title="bbox 159 543 1114 628; baseline 0.004 -20"><span class='ocrx_word' id='word_1_21' title='bbox 159 543 234 626; x_wconf 86' lang='lat' dir='ltr'>bus,</span> <span class='ocrx_word' id='word_1_22' title='bbox 264 546 436 627; x_wconf 82' lang='lat' dir='ltr'>propterea</span> <span class='ocrx_word' id='word_1_23' title='bbox 462 544 549 628; x_wconf 88' lang='lat' dir='ltr'>quod</span> <span class='ocrx_word' id='word_1_24' title='bbox 580 545 730 611; x_wconf 91' lang='lat' dir='ltr'>omnibus</span> <span class='ocrx_word' id='word_1_25' title='bbox 759 546 935 611; x_wconf 74' lang='lat' dir='ltr'>curiarum</span> <span class='ocrx_word' id='word_1_26' title='bbox 954 545 1114 628; x_wconf 75' lang='lat' dir='ltr'>publicam</span> 
     </span>
     <span class='ocr_line' id='line_1_5' title="bbox 159 631 1113 719; baseline 0.002 -21"><span class='ocrx_word' id='word_1_27' title='bbox 159 631 240 698; x_wconf 84' lang='lat' dir='ltr'>mihi</span> <span class='ocrx_word' id='word_1_28' title='bbox 270 631 425 700; x_wconf 83' lang='lat' dir='ltr'>tuendam</span> <span class='ocrx_word' id='word_1_29' title='bbox 455 633 623 719; x_wconf 80' lang='lat' dir='ltr'>putabam,</span> <span class='ocrx_word' id='word_1_30' title='bbox 653 638 724 699; x_wconf 88' lang='lat' dir='ltr'>tum</span> <span class='ocrx_word' id='word_1_31' title='bbox 749 633 812 700; x_wconf 88' lang='lat' dir='ltr'>hoc</span> <span class='ocrx_word' id='word_1_32' title='bbox 837 637 983 719; x_wconf 83' lang='lat' dir='ltr'>tempore</span> <span class='ocrx_word' id='word_1_33' title='bbox 1010 635 1113 700; x_wconf 87' lang='lat' dir='ltr'>multo</span> 
     </span>
    </p>
   </div>
   <div class='ocr_carea' id='block_1_4' title="bbox 151 720 1152 3369">
    <p class='ocr_par' dir='ltr' id='par_1_4' title="bbox 151 720 1152 3369">
     <span class='ocr_line' id='line_1_6' title="bbox 159 720 1114 809; baseline 0.003 -25"><span class='ocrx_word' id='word_1_34' title='bbox 159 720 317 786; x_wconf 79' lang='lat' dir='ltr'>distineor</span> <span class='ocrx_word' id='word_1_35' title='bbox 342 721 577 805; x_wconf 62' lang='lat' dir='ltr'>vehementium</span> <span class='ocrx_word' id='word_1_36' title='bbox 607 726 646 788; x_wconf 88' lang='lat' dir='ltr'>ut</span> <span class='ocrx_word' id='word_1_37' title='bbox 672 723 759 788; x_wconf 88' lang='lat' dir='ltr'>enim</span> <span class='ocrx_word' id='word_1_38' title='bbox 786 723 916 809; x_wconf 75' lang='lat' dir='ltr'>gravim</span> <span class='ocrx_word' id='word_1_39' title='bbox 942 726 1114 808; x_wconf 73' lang='lat' dir='ltr'>aegrotent</span> 
     </span>
     <span class='ocr_line' id='line_1_7' title="bbox 159 809 1113 896; baseline 0.001 -22"><span class='ocrx_word' id='word_1_40' title='bbox 159 809 197 892; x_wconf 87' lang='lat' dir='ltr'>ii,</span> <span class='ocrx_word' id='word_1_41' title='bbox 220 809 288 894; x_wconf 84' lang='lat' dir='ltr'>qui,</span> <span class='ocrx_word' id='word_1_42' title='bbox 315 831 414 893; x_wconf 87' lang='lat' dir='ltr'>quum</span> <span class='ocrx_word' id='word_1_43' title='bbox 440 809 538 876; x_wconf 86' lang='lat' dir='ltr'>levati</span> <span class='ocrx_word' id='word_1_44' title='bbox 565 811 678 878; x_wconf 87' lang='lat' dir='ltr'>morbo</span> <span class='ocrx_word' id='word_1_45' title='bbox 701 811 898 896; x_wconf 84' lang='lat' dir='ltr'>viderentur,</span> <span class='ocrx_word' id='word_1_46' title='bbox 920 811 956 875; x_wconf 91' lang='lat' dir='ltr'>in</span> <span class='ocrx_word' id='word_1_47' title='bbox 978 832 1052 876; x_wconf 88' lang='lat' dir='ltr'>eum</span> <span class='ocrx_word' id='word_1_48' title='bbox 1073 811 1113 876; x_wconf 91' lang='lat' dir='ltr'>de</span> 
     </span>
     <span class='ocr_line' id='line_1_8' title="bbox 159 896 1115 985; baseline 0.001 -21"><span class='ocrx_word' id='word_1_49' title='bbox 159 896 289 984; x_wconf 79' lang='lat' dir='ltr'>integro</span> <span class='ocrx_word' id='word_1_50' title='bbox 310 897 506 982; x_wconf 84' lang='lat' dir='ltr'>inciderunt,</span> <span class='ocrx_word' id='word_1_51' title='bbox 528 898 574 964; x_wconf 89' lang='lat' dir='ltr'>sic</span> <span class='ocrx_word' id='word_1_52' title='bbox 596 900 816 965; x_wconf 79' lang='lat' dir='ltr'>vehementius</span> <span class='ocrx_word' id='word_1_53' title='bbox 837 921 901 965; x_wconf 89' lang='lat' dir='ltr'>nos</span> <span class='ocrx_word' id='word_1_54' title='bbox 920 899 1115 985; x_wconf 77' lang='lat' dir='ltr'><strong>laboramus,</strong></span> 
     </span>
     <span class='ocr_line' id='line_1_9' title="bbox 159 947 1115 1073; baseline 0.005 -23"><span class='ocrx_word' id='word_1_55' title='bbox 159 986 217 1070; x_wconf 93' lang='lat' dir='ltr'>qui</span> <span class='ocrx_word' id='word_1_56' title='bbox 243 985 415 1072; x_wconf 72' lang='lat' dir='ltr'>profligato</span> <span class='ocrx_word' id='word_1_57' title='bbox 444 947 532 1054; x_wconf 90' lang='lat' dir='ltr'>hello</span> <span class='ocrx_word' id='word_1_58' title='bbox 562 1009 600 1053; x_wconf 86' lang='grc' dir='ltr'>ιι</span> <span class='ocrx_word' id='word_1_59' title='bbox 631 1009 734 1073; x_wconf 88' lang='lat' dir='ltr'>paene</span> <span class='ocrx_word' id='word_1_60' title='bbox 765 988 892 1054; x_wconf 83' lang='lat' dir='ltr'>sublato</span> <span class='ocrx_word' id='word_1_61' title='bbox 924 991 1115 1055; x_wconf 86' lang='lat' dir='ltr'>renovatum</span> 
     </span>
     <span class='ocr_line' id='line_1_10' title="bbox 160 1073 1148 1161; baseline 0 -23"><span class='ocrx_word' id='word_1_62' title='bbox 160 1073 281 1140; x_wconf 90' lang='lat' dir='ltr'>bellum</span> <span class='ocrx_word' id='word_1_63' title='bbox 308 1095 418 1160; x_wconf 80' lang='lat' dir='ltr'>gerere</span> <span class='ocrx_word' id='word_1_64' title='bbox 446 1096 607 1161; x_wconf 81' lang='lat' dir='ltr'>cogamur.</span> <span class='ocrx_word' id='word_1_65' title='bbox 657 1074 720 1142; x_wconf 85' lang='lat' dir='ltr'>Sed</span> <span class='ocrx_word' id='word_1_66' title='bbox 746 1076 826 1141; x_wconf 84' lang='lat' dir='ltr'>haec</span> <span class='ocrx_word' id='word_1_67' title='bbox 852 1077 1018 1142; x_wconf 84' lang='lat' dir='ltr'>hactenns.</span> <span class='ocrx_word' id='word_1_68' title='bbox 1064 1076 1148 1142; x_wconf 82' lang='lat' dir='ltr'>&#39;lua</span> 
     </span>
     <span class='ocr_line' id='line_1_11' title="bbox 159 1160 1114 1249; baseline 0.002 -21"><span class='ocrx_word' id='word_1_69' title='bbox 159 1161 234 1246; x_wconf 90' lang='lat' dir='ltr'>tibi,</span> <span class='ocrx_word' id='word_1_70' title='bbox 260 1163 306 1228; x_wconf 90' lang='lat' dir='ltr'>mi</span> <span class='ocrx_word' id='word_1_71' title='bbox 328 1160 493 1247; x_wconf 74' lang='lat' dir='ltr'>Cornifici,</span> <span class='ocrx_word' id='word_1_72' title='bbox 519 1165 572 1230; x_wconf 80' lang='lat' dir='ltr'>fac</span> <span class='ocrx_word' id='word_1_73' title='bbox 598 1168 636 1230; x_wconf 90' lang='lat' dir='ltr'>ut</span> <span class='ocrx_word' id='word_1_74' title='bbox 657 1165 853 1249; x_wconf 82' lang='lat' dir='ltr'>persuadeas</span> <span class='ocrx_word' id='word_1_75' title='bbox 876 1186 945 1229; x_wconf 91' lang='lat' dir='ltr'>non</span> <span class='ocrx_word' id='word_1_76' title='bbox 971 1186 1041 1230; x_wconf 87' lang='lat' dir='ltr'>esse</span> <span class='ocrx_word' id='word_1_77' title='bbox 1062 1187 1114 1232; x_wconf 90' lang='lat' dir='ltr'>me</span> 
     </span>
     <span class='ocr_line' id='line_1_12' title="bbox 159 1251 1115 1337; baseline 0.002 -22"><span class='ocrx_word' id='word_1_78' title='bbox 159 1253 229 1316; x_wconf 80' lang='lat' dir='ltr'>tam</span> <span class='ocrx_word' id='word_1_79' title='bbox 250 1251 411 1318; x_wconf 88' lang='lat' dir='ltr'>imbecillo</span> <span class='ocrx_word' id='word_1_80' title='bbox 433 1254 556 1337; x_wconf 83' lang='lat' dir='ltr'>animo,</span> <span class='ocrx_word' id='word_1_81' title='bbox 577 1275 619 1318; x_wconf 90' lang='lat' dir='ltr'>ne</span> <span class='ocrx_word' id='word_1_82' title='bbox 642 1254 747 1319; x_wconf 85' lang='lat' dir='ltr'>dicam</span> <span class='ocrx_word' id='word_1_83' title='bbox 768 1253 959 1337; x_wconf 80' lang='lat' dir='ltr'>inhumano,</span> <span class='ocrx_word' id='word_1_84' title='bbox 981 1255 1019 1318; x_wconf 91' lang='lat' dir='ltr'>ut</span> <span class='ocrx_word' id='word_1_85' title='bbox 1041 1256 1115 1318; x_wconf 87' lang='lat' dir='ltr'>ate</span> 
     </span>
     <span class='ocr_line' id='line_1_13' title="bbox 151 1339 1114 1424; baseline 0.001 -20"><span class='ocrx_word' id='word_1_86' title='bbox 151 1339 246 1404; x_wconf 74' lang='lat' dir='ltr'>vinci</span> <span class='ocrx_word' id='word_1_87' title='bbox 268 1341 390 1424; x_wconf 87' lang='lat' dir='ltr'>possim</span> <span class='ocrx_word' id='word_1_88' title='bbox 417 1345 474 1408; x_wconf 84' lang='lat' dir='ltr'>aut</span> <span class='ocrx_word' id='word_1_89' title='bbox 500 1341 614 1408; x_wconf 80' lang='lat' dir='ltr'>officiis</span> <span class='ocrx_word' id='word_1_90' title='bbox 642 1345 700 1408; x_wconf 87' lang='lat' dir='ltr'>aut</span> <span class='ocrx_word' id='word_1_91' title='bbox 725 1363 842 1408; x_wconf 88' lang='lat' dir='ltr'>amore.</span> <span class='ocrx_word' id='word_1_92' title='bbox 887 1340 963 1406; x_wconf 90' lang='lat' dir='ltr'>Non</span> <span class='ocrx_word' id='word_1_93' title='bbox 990 1341 1114 1406; x_wconf 86' lang='lat' dir='ltr'>dubita-</span> 
     </span>
     <span class='ocr_line' id='line_1_14' title="bbox 160 1427 1116 1515; baseline 0.003 -23"><span class='ocrx_word' id='word_1_94' title='bbox 160 1427 236 1493; x_wconf 88' lang='lat' dir='ltr'>bam</span> <span class='ocrx_word' id='word_1_95' title='bbox 268 1429 428 1515; x_wconf 82' lang='lat' dir='ltr'>equidem,</span> <span class='ocrx_word' id='word_1_96' title='bbox 458 1434 680 1497; x_wconf 70' lang='lat' dir='ltr'>verumtamen</span> <span class='ocrx_word' id='word_1_97' title='bbox 710 1432 812 1497; x_wconf 87' lang='lat' dir='ltr'>multo</span> <span class='ocrx_word' id='word_1_98' title='bbox 845 1430 926 1496; x_wconf 90' lang='lat' dir='ltr'>mihi</span> <span class='ocrx_word' id='word_1_99' title='bbox 956 1431 1116 1496; x_wconf 74' lang='lat' dir='ltr'>notiorem</span> 
     </span>
     <span class='ocr_line' id='line_1_15' title="bbox 160 1516 1115 1605; baseline 0.004 -25"><span class='ocrx_word' id='word_1_100' title='bbox 160 1537 305 1584; x_wconf 85' lang='lat' dir='ltr'>amorem</span> <span class='ocrx_word' id='word_1_101' title='bbox 325 1520 421 1584; x_wconf 89' lang='lat' dir='ltr'>tuum</span> <span class='ocrx_word' id='word_1_102' title='bbox 441 1519 545 1584; x_wconf 84' lang='lat' dir='ltr'>effecit</span> <span class='ocrx_word' id='word_1_103' title='bbox 563 1517 771 1605; x_wconf 75' lang='lat' dir='ltr'>Chaerippus.</span> <span class='ocrx_word' id='word_1_104' title='bbox 807 1516 1017 1584; x_wconf 89' lang='lat' dir='ltr'>Ohominem</span> <span class='ocrx_word' id='word_1_105' title='bbox 1034 1539 1115 1584; x_wconf 89' lang='lat' dir='ltr'>sem-</span> 
     </span>
     <span class='ocr_line' id='line_1_16' title="bbox 159 1605 1115 1693; baseline 0.002 -23"><span class='ocrx_word' id='word_1_106' title='bbox 159 1626 219 1690; x_wconf 85' lang='lat' dir='ltr'>per</span> <span class='ocrx_word' id='word_1_107' title='bbox 249 1605 341 1670; x_wconf 91' lang='lat' dir='ltr'>illum</span> <span class='ocrx_word' id='word_1_108' title='bbox 372 1607 501 1692; x_wconf 90' lang='lat' dir='ltr'>quidem</span> <span class='ocrx_word' id='word_1_109' title='bbox 531 1608 612 1672; x_wconf 89' lang='lat' dir='ltr'>mihi</span> <span class='ocrx_word' id='word_1_110' title='bbox 643 1612 768 1693; x_wconf 83' lang='lat' dir='ltr'>aptum,</span> <span class='ocrx_word' id='word_1_111' title='bbox 798 1629 886 1673; x_wconf 90' lang='lat' dir='ltr'>nunc</span> <span class='ocrx_word' id='word_1_112' title='bbox 912 1627 989 1672; x_wconf 86' lang='lat' dir='ltr'>vero</span> <span class='ocrx_word' id='word_1_113' title='bbox 1018 1607 1115 1673; x_wconf 87' lang='lat' dir='ltr'>etiam</span> 
     </span>
     <span class='ocr_line' id='line_1_17' title="bbox 161 1695 1115 1780; baseline 0.006 -24"><span class='ocrx_word' id='word_1_114' title='bbox 161 1695 305 1758; x_wconf 79' lang='lat' dir='ltr'>suavem!</span> <span class='ocrx_word' id='word_1_115' title='bbox 334 1697 442 1761; x_wconf 84' lang='lat' dir='ltr'>vultus</span> <span class='ocrx_word' id='word_1_116' title='bbox 465 1696 644 1761; x_wconf 80' lang='lat' dir='ltr'>mehercule</span> <span class='ocrx_word' id='word_1_117' title='bbox 670 1700 745 1762; x_wconf 85' lang='lat' dir='ltr'>tuos</span> <span class='ocrx_word' id='word_1_118' title='bbox 768 1696 848 1760; x_wconf 91' lang='lat' dir='ltr'>mihi</span> <span class='ocrx_word' id='word_1_119' title='bbox 871 1695 1027 1780; x_wconf 76' lang='lat' dir='ltr'>expressit</span> <span class='ocrx_word' id='word_1_120' title='bbox 1048 1717 1115 1762; x_wconf 87' lang='lat' dir='ltr'>om·</span> 
     </span>
     <span class='ocr_line' id='line_1_18' title="bbox 162 1784 1115 1868; baseline 0.002 -22"><span class='ocrx_word' id='word_1_121' title='bbox 162 1802 230 1866; x_wconf 78' lang='lat' dir='ltr'>nea,</span> <span class='ocrx_word' id='word_1_122' title='bbox 258 1804 326 1847; x_wconf 89' lang='lat' dir='ltr'>non</span> <span class='ocrx_word' id='word_1_123' title='bbox 353 1784 457 1848; x_wconf 88' lang='lat' dir='ltr'>solum</span> <span class='ocrx_word' id='word_1_124' title='bbox 484 1785 628 1849; x_wconf 90' lang='lat' dir='ltr'>animum</span> <span class='ocrx_word' id='word_1_125' title='bbox 654 1806 692 1848; x_wconf 90' lang='lat' dir='ltr'>ac</span> <span class='ocrx_word' id='word_1_126' title='bbox 714 1784 812 1849; x_wconf 90' lang='lat' dir='ltr'>verba</span> <span class='ocrx_word' id='word_1_127' title='bbox 834 1784 980 1868; x_wconf 79' lang='lat' dir='ltr'>pertulit3</span> <span class='ocrx_word' id='word_1_128' title='bbox 1006 1784 1115 1867; x_wconf 84' lang='lat' dir='ltr'>itaque</span> 
     </span>
     <span class='ocr_line' id='line_1_19' title="bbox 161 1871 1114 1956; baseline 0.002 -22"><span class='ocrx_word' id='word_1_129' title='bbox 161 1871 230 1935; x_wconf 89' lang='lat' dir='ltr'>noli</span> <span class='ocrx_word' id='word_1_130' title='bbox 243 1872 354 1956; x_wconf 87' lang='lat' dir='ltr'>vereri,</span> <span class='ocrx_word' id='word_1_131' title='bbox 363 1893 404 1937; x_wconf 91' lang='lat' dir='ltr'>ne</span> <span class='ocrx_word' id='word_1_132' title='bbox 418 1873 478 1937; x_wconf 90' lang='lat' dir='ltr'>tibi</span> <span class='ocrx_word' id='word_1_133' title='bbox 493 1873 735 1956; x_wconf 66' lang='lat' dir='ltr'>succensuerim,</span> <span class='ocrx_word' id='word_1_134' title='bbox 744 1872 830 1956; x_wconf 91' lang='lat' dir='ltr'>quod</span> <span class='ocrx_word' id='word_1_135' title='bbox 844 1871 957 1936; x_wconf 87' lang='lat' dir='ltr'>codem</span> <span class='ocrx_word' id='word_1_136' title='bbox 970 1872 1114 1955; x_wconf 83' lang='lat' dir='ltr'>exemplo</span> 
     </span>
     <span class='ocr_line' id='line_1_20' title="bbox 161 1958 1115 2045; baseline 0 -22"><span class='ocrx_word' id='word_1_137' title='bbox 161 1958 204 2023; x_wconf 84' lang='lat' dir='ltr'>ad</span> <span class='ocrx_word' id='word_1_138' title='bbox 226 1981 291 2043; x_wconf 89' lang='lat' dir='ltr'>me,</span> <span class='ocrx_word' id='word_1_139' title='bbox 314 1981 378 2044; x_wconf 89' lang='lat' dir='ltr'>quo</span> <span class='ocrx_word' id='word_1_140' title='bbox 401 1961 442 2024; x_wconf 90' lang='lat' dir='ltr'>ad</span> <span class='ocrx_word' id='word_1_141' title='bbox 465 1964 602 2026; x_wconf 88' lang='lat' dir='ltr'>ceteros:</span> <span class='ocrx_word' id='word_1_142' title='bbox 625 1961 777 2044; x_wconf 81' lang='lat' dir='ltr'>requisivi</span> <span class='ocrx_word' id='word_1_143' title='bbox 800 1959 946 2045; x_wconf 85' lang='lat' dir='ltr'>equidem</span> <span class='ocrx_word' id='word_1_144' title='bbox 968 1959 1115 2043; x_wconf 85' lang='lat' dir='ltr'>proprias</span> 
     </span>
     <span class='ocr_line' id='line_1_21' title="bbox 161 2047 1117 2135; baseline 0 -24"><span class='ocrx_word' id='word_1_145' title='bbox 161 2048 204 2111; x_wconf 92' lang='lat' dir='ltr'>ad</span> <span class='ocrx_word' id='word_1_146' title='bbox 234 2069 286 2113; x_wconf 88' lang='lat' dir='ltr'>me</span> <span class='ocrx_word' id='word_1_147' title='bbox 316 2070 419 2112; x_wconf 91' lang='lat' dir='ltr'>unum</span> <span class='ocrx_word' id='word_1_148' title='bbox 448 2049 589 2135; x_wconf 86' lang='lat' dir='ltr'>litteras,</span> <span class='ocrx_word' id='word_1_149' title='bbox 625 2049 680 2114; x_wconf 87' lang='lat' dir='ltr'>sed</span> <span class='ocrx_word' id='word_1_150' title='bbox 711 2069 815 2132; x_wconf 88' lang='lat' dir='ltr'>neque</span> <span class='ocrx_word' id='word_1_151' title='bbox 846 2047 1052 2114; x_wconf 90' lang='lat' dir='ltr'>vehementer</span> <span class='ocrx_word' id='word_1_152' title='bbox 1084 2051 1117 2111; x_wconf 91' lang='lat' dir='ltr'>et</span> 
     </span>
     <span class='ocr_line' id='line_1_22' title="bbox 161 2135 1152 2222; baseline -0.004 -22"><span class='ocrx_word' id='word_1_153' title='bbox 161 2139 317 2201; x_wconf 88' lang='lat' dir='ltr'>amanter.</span> <span class='ocrx_word' id='word_1_154' title='bbox 360 2136 410 2201; x_wconf 89' lang='lat' dir='ltr'>De</span> <span class='ocrx_word' id='word_1_155' title='bbox 437 2143 580 2222; x_wconf 87' lang='lat' dir='ltr'>sumptu,</span> <span class='ocrx_word' id='word_1_156' title='bbox 607 2158 703 2222; x_wconf 90' lang='lat' dir='ltr'>quem</span> <span class='ocrx_word' id='word_1_157' title='bbox 729 2139 762 2201; x_wconf 91' lang='lat' dir='ltr'>te</span> <span class='ocrx_word' id='word_1_158' title='bbox 788 2137 824 2201; x_wconf 90' lang='lat' dir='ltr'>in</span> <span class='ocrx_word' id='word_1_159' title='bbox 850 2156 918 2201; x_wconf 89' lang='lat' dir='ltr'>rem</span> <span class='ocrx_word' id='word_1_160' title='bbox 944 2135 1152 2200; x_wconf 74' lang='lat' dir='ltr'>militarent</span> 
     </span>
     <span class='ocr_line' id='line_1_23' title="bbox 160 2223 1116 2310; baseline 0 -22"><span class='ocrx_word' id='word_1_161' title='bbox 160 2223 267 2289; x_wconf 87' lang='lat' dir='ltr'>facere</span> <span class='ocrx_word' id='word_1_162' title='bbox 290 2228 324 2289; x_wconf 89' lang='lat' dir='ltr'>et</span> <span class='ocrx_word' id='word_1_163' title='bbox 344 2225 458 2290; x_wconf 84' lang='lat' dir='ltr'>fecisse</span> <span class='ocrx_word' id='word_1_164' title='bbox 481 2227 572 2310; x_wconf 86' lang='lat' dir='ltr'>dicis,</span> <span class='ocrx_word' id='word_1_165' title='bbox 598 2225 681 2290; x_wconf 91' lang='lat' dir='ltr'>nihil</span> <span class='ocrx_word' id='word_1_166' title='bbox 704 2245 781 2289; x_wconf 88' lang='lat' dir='ltr'>sane</span> <span class='ocrx_word' id='word_1_167' title='bbox 808 2246 940 2308; x_wconf 89' lang='lat' dir='ltr'>possum</span> <span class='ocrx_word' id='word_1_168' title='bbox 966 2224 1026 2288; x_wconf 85' lang='lat' dir='ltr'>tibi</span> <span class='ocrx_word' id='word_1_169' title='bbox 1049 2224 1116 2308; x_wconf 91' lang='lat' dir='ltr'>opi-</span> 
     </span>
     <span class='ocr_line' id='line_1_24' title="bbox 161 2277 1116 2416; baseline -0.001 -40"><span class='ocrx_word' id='word_1_170' title='bbox 161 2313 274 2397; x_wconf 89' lang='lat' dir='ltr'>tulari,</span> <span class='ocrx_word' id='word_1_171' title='bbox 300 2317 471 2416; x_wconf 88' lang='lat' dir='ltr'>propterea</span> <span class='ocrx_word' id='word_1_172' title='bbox 494 2277 579 2398; x_wconf 91' lang='lat' dir='ltr'>quod</span> <span class='ocrx_word' id='word_1_173' title='bbox 602 2317 636 2378; x_wconf 90' lang='lat' dir='ltr'>et</span> <span class='ocrx_word' id='word_1_174' title='bbox 662 2312 760 2378; x_wconf 89' lang='lat' dir='ltr'>orbus</span> <span class='ocrx_word' id='word_1_175' title='bbox 782 2315 979 2378; x_wconf 71' lang='lat' dir='ltr'>miseratus</span> <span class='ocrx_word' id='word_1_176' title='bbox 1003 2333 1116 2378; x_wconf 90' lang='lat' dir='ltr'>consu·</span> 
     </span>
     <span class='ocr_line' id='line_1_25' title="bbox 161 2400 1116 2503; baseline -0.001 -38"><span class='ocrx_word' id='word_1_177' title='bbox 161 2400 246 2466; x_wconf 89' lang='lat' dir='ltr'>libus</span> <span class='ocrx_word' id='word_1_178' title='bbox 261 2402 386 2466; x_wconf 87' lang='lat' dir='ltr'>amissis</span> <span class='ocrx_word' id='word_1_179' title='bbox 400 2406 433 2467; x_wconf 91' lang='lat' dir='ltr'>et</span> <span class='ocrx_word' id='word_1_180' title='bbox 418 2402 648 2467; x_wconf 84' lang='lat' dir='ltr'>tineredibiles</span> <span class='ocrx_word' id='word_1_181' title='bbox 662 2401 831 2487; x_wconf 81' lang='lat' dir='ltr'>angustiae</span> <span class='ocrx_word' id='word_1_182' title='bbox 845 2400 999 2503; x_wconf 88' lang='lat' dir='ltr'>pecuniae</span> <span class='ocrx_word' id='word_1_183' title='bbox 1013 2400 1116 2485; x_wconf 90' lang='lat' dir='ltr'>publi-</span> 
     </span>
     <span class='ocr_line' id='line_1_26' title="bbox 161 2479 1116 2592; baseline -0.001 -39"><span class='ocrx_word' id='word_1_184' title='bbox 161 2509 233 2573; x_wconf 86' lang='lat' dir='ltr'>cae,</span> <span class='ocrx_word' id='word_1_185' title='bbox 260 2511 341 2574; x_wconf 86' lang='lat' dir='ltr'>quae</span> <span class='ocrx_word' id='word_1_186' title='bbox 369 2491 569 2592; x_wconf 83' lang='lat' dir='ltr'>conquiritur</span> <span class='ocrx_word' id='word_1_187' title='bbox 595 2491 749 2576; x_wconf 86' lang='lat' dir='ltr'>undique,</span> <span class='ocrx_word' id='word_1_188' title='bbox 782 2493 821 2555; x_wconf 88' lang='lat' dir='ltr'>ut</span> <span class='ocrx_word' id='word_1_189' title='bbox 847 2479 968 2574; x_wconf 86' lang='lat' dir='ltr'>optime</span> <span class='ocrx_word' id='word_1_190' title='bbox 995 2489 1116 2554; x_wconf 87' lang='lat' dir='ltr'>meritis</span> 
     </span>
     <span class='ocr_line' id='line_1_27' title="bbox 162 2540 1116 2664; baseline -0.001 -22"><span class='ocrx_word' id='word_1_191' title='bbox 162 2540 319 2643; x_wconf 90' lang='lat' dir='ltr'>militibus</span> <span class='ocrx_word' id='word_1_192' title='bbox 337 2580 496 2664; x_wconf 85' lang='lat' dir='ltr'>promissa</span> <span class='ocrx_word' id='word_1_193' title='bbox 514 2580 689 2664; x_wconf 86' lang='lat' dir='ltr'>solvantur,</span> <span class='ocrx_word' id='word_1_194' title='bbox 710 2579 796 2663; x_wconf 92' lang='lat' dir='ltr'>quod</span> <span class='ocrx_word' id='word_1_195' title='bbox 813 2579 942 2663; x_wconf 90' lang='lat' dir='ltr'>quidem</span> <span class='ocrx_word' id='word_1_196' title='bbox 960 2577 1073 2642; x_wconf 87' lang='lat' dir='ltr'>fieri</span> <span class='ocrx_word' id='word_1_197' title='bbox 1048 2599 1116 2642; x_wconf 87' lang='lat' dir='ltr'>sine</span> 
     </span>
     <span class='ocr_line' id='line_1_28' title="bbox 162 2665 1152 2752; baseline 0.001 -24"><span class='ocrx_word' id='word_1_198' title='bbox 162 2665 285 2732; x_wconf 88' lang='lat' dir='ltr'>tributo</span> <span class='ocrx_word' id='word_1_199' title='bbox 316 2688 411 2752; x_wconf 91' lang='lat' dir='ltr'>posse</span> <span class='ocrx_word' id='word_1_200' title='bbox 442 2689 510 2733; x_wconf 88' lang='lat' dir='ltr'>non</span> <span class='ocrx_word' id='word_1_201' title='bbox 541 2668 690 2732; x_wconf 86' lang='lat' dir='ltr'>arbitror</span> <span class='ocrx_word' id='word_1_202' title='bbox 747 2667 797 2732; x_wconf 90' lang='lat' dir='ltr'>De</span> <span class='ocrx_word' id='word_1_203' title='bbox 828 2666 919 2732; x_wconf 82' lang='lat' dir='ltr'>Attio</span> <span class='ocrx_word' id='word_1_204' title='bbox 950 2665 1152 2750; x_wconf 83' lang='lat' dir='ltr'>Dionysio,5</span> 
     </span>
     <span class='ocr_line' id='line_1_29' title="bbox 162 2752 1117 2841; baseline -0.001 -23"><span class='ocrx_word' id='word_1_205' title='bbox 162 2753 245 2818; x_wconf 88' lang='lat' dir='ltr'>nihil</span> <span class='ocrx_word' id='word_1_206' title='bbox 266 2760 346 2841; x_wconf 88' lang='lat' dir='ltr'>puto</span> <span class='ocrx_word' id='word_1_207' title='bbox 370 2776 449 2840; x_wconf 82' lang='lat' dir='ltr'>csse,</span> <span class='ocrx_word' id='word_1_208' title='bbox 470 2756 623 2840; x_wconf 86' lang='lat' dir='ltr'>quoniam</span> <span class='ocrx_word' id='word_1_209' title='bbox 645 2755 726 2819; x_wconf 91' lang='lat' dir='ltr'>mihi</span> <span class='ocrx_word' id='word_1_210' title='bbox 743 2754 825 2818; x_wconf 89' lang='lat' dir='ltr'>nihil</span> <span class='ocrx_word' id='word_1_211' title='bbox 844 2754 924 2819; x_wconf 83' lang='lat' dir='ltr'>dixit</span> <span class='ocrx_word' id='word_1_212' title='bbox 942 2752 1021 2817; x_wconf 79' lang='lat' dir='ltr'>&#39;frat</span> <span class='ocrx_word' id='word_1_213' title='bbox 1006 2755 1117 2819; x_wconf 86' lang='lat' dir='ltr'>torius.</span> 
     </span>
     <span class='ocr_line' id='line_1_30' title="bbox 161 2840 1118 2944; baseline -0.001 -37"><span class='ocrx_word' id='word_1_214' title='bbox 161 2840 211 2907; x_wconf 90' lang='lat' dir='ltr'>De</span> <span class='ocrx_word' id='word_1_215' title='bbox 234 2842 270 2908; x_wconf 96' lang='lat' dir='ltr'>P</span> <span class='ocrx_word' id='word_1_216' title='bbox 297 2843 447 2929; x_wconf 85' lang='lat' dir='ltr'>Lucceio,</span> <span class='ocrx_word' id='word_1_217' title='bbox 474 2843 557 2907; x_wconf 89' lang='lat' dir='ltr'>nihil</span> <span class='ocrx_word' id='word_1_218' title='bbox 583 2843 644 2908; x_wconf 87' lang='lat' dir='ltr'>tibi</span> <span class='ocrx_word' id='word_1_219' title='bbox 671 2841 825 2944; x_wconf 79' lang='lat' dir='ltr'>concedo,</span> <span class='ocrx_word' id='word_1_220' title='bbox 853 2863 916 2926; x_wconf 90' lang='lat' dir='ltr'>quo</span> <span class='ocrx_word' id='word_1_221' title='bbox 945 2841 1118 2907; x_wconf 87' lang='lat' dir='ltr'>studiosior</span> 
     </span>
     <span class='ocr_line' id='line_1_31' title="bbox 162 2929 1116 3017; baseline -0.001 -22"><span class='ocrx_word' id='word_1_222' title='bbox 162 2931 312 3015; x_wconf 79' lang='lat' dir='ltr'>eiusne,</span> <span class='ocrx_word' id='word_1_223' title='bbox 340 2954 438 3016; x_wconf 89' lang='lat' dir='ltr'>quam</span> <span class='ocrx_word' id='word_1_224' title='bbox 464 2951 525 3017; x_wconf 81' lang='lat' dir='ltr'>ego</span> <span class='ocrx_word' id='word_1_225' title='bbox 553 2953 637 3014; x_wconf 80' lang='lat' dir='ltr'>sum3</span> <span class='ocrx_word' id='word_1_226' title='bbox 665 2934 715 2995; x_wconf 86' lang='lat' dir='ltr'>est</span> <span class='ocrx_word' id='word_1_227' title='bbox 736 2930 822 2995; x_wconf 87' lang='lat' dir='ltr'>enim</span> <span class='ocrx_word' id='word_1_228' title='bbox 848 2929 943 2997; x_wconf 87' lang='lat' dir='ltr'>nobis</span> <span class='ocrx_word' id='word_1_229' title='bbox 972 2951 1116 2995; x_wconf 87' lang='lat' dir='ltr'>necessa·</span> 
     </span>
     <span class='ocr_line' id='line_1_32' title="bbox 161 3018 1116 3105; baseline -0.001 -22"><span class='ocrx_word' id='word_1_230' title='bbox 161 3019 242 3103; x_wconf 87' lang='lat' dir='ltr'>rius;</span> <span class='ocrx_word' id='word_1_231' title='bbox 265 3020 330 3104; x_wconf 88' lang='lat' dir='ltr'>sed,</span> <span class='ocrx_word' id='word_1_232' title='bbox 353 3041 373 3084; x_wconf 90' lang='lat' dir='ltr'>a</span> <span class='ocrx_word' id='word_1_233' title='bbox 394 3023 514 3105; x_wconf 83' lang='lat' dir='ltr'>magis</span> <span class='ocrx_word' id='word_1_234' title='bbox 514 3019 558 3084; x_wconf 87' lang='lat' dir='ltr'>ris</span> <span class='ocrx_word' id='word_1_235' title='bbox 581 3041 681 3104; x_wconf 91' lang='lat' dir='ltr'>quum</span> <span class='ocrx_word' id='word_1_236' title='bbox 704 3018 930 3085; x_wconf 84' lang='lat' dir='ltr'>contenderem</span> <span class='ocrx_word' id='word_1_237' title='bbox 953 3018 992 3083; x_wconf 87' lang='lat' dir='ltr'>de</span> <span class='ocrx_word' id='word_1_238' title='bbox 1011 3018 1116 3102; x_wconf 87' lang='lat' dir='ltr'>profe-</span> 
     </span>
     <span class='ocr_line' id='line_1_33' title="bbox 161 3105 1117 3193; baseline -0.003 -21"><span class='ocrx_word' id='word_1_239' title='bbox 161 3108 262 3173; x_wconf 89' lang='lat' dir='ltr'>rendo</span> <span class='ocrx_word' id='word_1_240' title='bbox 287 3109 346 3193; x_wconf 89' lang='lat' dir='ltr'>die,</span> <span class='ocrx_word' id='word_1_241' title='bbox 368 3108 549 3193; x_wconf 85' lang='lat' dir='ltr'>probarunt</span> <span class='ocrx_word' id='word_1_242' title='bbox 570 3107 650 3171; x_wconf 89' lang='lat' dir='ltr'>mihi</span> <span class='ocrx_word' id='word_1_243' title='bbox 673 3127 752 3192; x_wconf 80' lang='lat' dir='ltr'>sese,</span> <span class='ocrx_word' id='word_1_244' title='bbox 773 3108 962 3192; x_wconf 89' lang='lat' dir='ltr'>quominus</span> <span class='ocrx_word' id='word_1_245' title='bbox 982 3105 1117 3170; x_wconf 84' lang='lat' dir='ltr'>idface·</span> 
     </span>
     <span class='ocr_line' id='line_1_34' title="bbox 161 3194 1117 3294; baseline -0.003 -33"><span class='ocrx_word' id='word_1_246' title='bbox 161 3199 244 3281; x_wconf 90' lang='lat' dir='ltr'>rent,</span> <span class='ocrx_word' id='word_1_247' title='bbox 263 3200 296 3262; x_wconf 89' lang='lat' dir='ltr'>et</span> <span class='ocrx_word' id='word_1_248' title='bbox 309 3197 538 3281; x_wconf 86' lang='lat' dir='ltr'>compromisso</span> <span class='ocrx_word' id='word_1_249' title='bbox 553 3196 608 3261; x_wconf 87' lang='lat' dir='ltr'>et</span> <span class='ocrx_word' id='word_1_250' title='bbox 599 3217 667 3260; x_wconf 86' lang='lat' dir='ltr'>rure</span> <span class='ocrx_word' id='word_1_251' title='bbox 681 3195 817 3261; x_wconf 89' lang='lat' dir='ltr'>iurando</span> <span class='ocrx_word' id='word_1_252' title='bbox 835 3194 1009 3294; x_wconf 82' lang='lat' dir='ltr'>impediri3</span> <span class='ocrx_word' id='word_1_253' title='bbox 1019 3213 1117 3277; x_wconf 86' lang='lat' dir='ltr'>qnare</span> 
     </span>
     <span class='ocr_line' id='line_1_35' title="bbox 161 3247 1118 3369; baseline -0.004 -19"><span class='ocrx_word' id='word_1_254' title='bbox 161 3247 357 3350; x_wconf 71' lang='lat' dir='ltr'>veniendum</span> <span class='ocrx_word' id='word_1_255' title='bbox 387 3284 526 3350; x_wconf 88' lang='lat' dir='ltr'>arbitror</span> <span class='ocrx_word' id='word_1_256' title='bbox 560 3283 711 3350; x_wconf 87' lang='lat' dir='ltr'>Lucceio.</span> <span class='ocrx_word' id='word_1_257' title='bbox 747 3304 955 3369; x_wconf 87' lang='lat' dir='ltr'>quamquam,</span> <span class='ocrx_word' id='word_1_258' title='bbox 984 3280 1012 3345; x_wconf 87' lang='lat' dir='ltr'>si</span> <span class='ocrx_word' id='word_1_259' title='bbox 1038 3280 1118 3346; x_wconf 85' lang='lat' dir='ltr'>meis</span> 
     </span>
    </p>
   </div>
   <div class='ocr_carea' id='block_1_5' title="bbox 161 3491 1118 3634">
    <p class='ocr_par' dir='ltr' id='par_1_5' title="bbox 161 3491 1118 3634">
     <span class='ocr_line' id='line_1_36' title="bbox 233 3491 1118 3564; baseline -0.002 -16"><span class='ocrx_word' id='word_1_260' title='bbox 233 3493 284 3564; x_wconf 81' lang='lat' dir='ltr'>Ep.</span> <span class='ocrx_word' id='word_1_261' title='bbox 295 3500 371 3561; x_wconf 81' lang='lat'><strong>80,2.</strong></span> <span class='ocrx_word' id='word_1_262' title='bbox 399 3508 527 3562; x_wconf 73' lang='lat' dir='ltr'>copamar</span> <span class='ocrx_word' id='word_1_263' title='bbox 541 3493 645 3562; x_wconf 85' lang='lat' dir='ltr'>(Man).</span> <span class='ocrx_word' id='word_1_264' title='bbox 673 3508 804 3548; x_wconf 80' lang='lat' dir='ltr'>conamur</span> <span class='ocrx_word' id='word_1_265' title='bbox 817 3492 862 3560; x_wconf 81' lang='grc' dir='ltr'>ιι,</span> <span class='ocrx_word' id='word_1_266' title='bbox 871 3491 964 3560; x_wconf 83' lang='lat' dir='ltr'>vulgo.</span> <span class='ocrx_word' id='word_1_267' title='bbox 993 3495 1017 3545; x_wconf 79' lang='lat'>3.</span> <span class='ocrx_word' id='word_1_268' title='bbox 1031 3506 1118 3546; x_wconf 82' lang='lat' dir='ltr'>unum</span> 
     </span>
     <span class='ocr_line' id='line_1_37' title="bbox 161 3560 1011 3634; baseline -0.006 -13"><span class='ocrx_word' id='word_1_269' title='bbox 161 3563 268 3621; x_wconf 79' lang='lat' dir='ltr'>litteras</span> <span class='ocrx_word' id='word_1_270' title='bbox 287 3564 359 3634; x_wconf 85' lang='lat' dir='ltr'>(edd.</span> <span class='ocrx_word' id='word_1_271' title='bbox 379 3567 466 3634; x_wconf 81' lang='lat' dir='ltr'>vett).</span> <span class='ocrx_word' id='word_1_272' title='bbox 480 3561 489 3574; x_wconf 78' lang='lat'><strong>‘</strong></span> <span class='ocrx_word' id='word_1_273' title='bbox 504 3581 531 3618; x_wconf 83' lang='grc' dir='ltr'>ι.</span> <span class='ocrx_word' id='word_1_274' title='bbox 551 3565 588 3620; x_wconf 82' lang='lat' dir='ltr'>ad</span> <span class='ocrx_word' id='word_1_275' title='bbox 606 3565 623 3619; x_wconf 83' lang='lat' dir='ltr'>l.</span> <span class='ocrx_word' id='word_1_276' title='bbox 642 3564 679 3618; x_wconf 87' lang='lat' dir='ltr'>M.</span> <span class='ocrx_word' id='word_1_277' title='bbox 716 3581 743 3618; x_wconf 82' lang='lat' dir='ltr'>u.</span> <span class='ocrx_word' id='word_1_278' title='bbox 763 3580 782 3618; x_wconf 84' lang='lat' dir='ltr'>a</span> <span class='ocrx_word' id='word_1_279' title='bbox 799 3566 824 3617; x_wconf 79' lang='lat' dir='ltr'>tc</span> <span class='ocrx_word' id='word_1_280' title='bbox 842 3563 859 3617; x_wconf 87' lang='lat' dir='ltr'>l.</span> <span class='ocrx_word' id='word_1_281' title='bbox 879 3561 961 3629; x_wconf 82' lang='lat' dir='ltr'>Crat,</span> <span class='ocrx_word' id='word_1_282' title='bbox 981 3560 1011 3616; x_wconf 87' lang='lat' dir='ltr'>B.</span> 
     </span>
    </p>
   </div>
   <div class='ocr_carea' id='block_1_6' title="bbox 0 0 1332 3990">
    <p class='ocr_par' dir='ltr' id='par_1_6' title="bbox 0 0 1332 3990">
     <span class='ocr_line' id='line_1_38' title="bbox 0 0 1332 3990; baseline 0 0"><span class='ocrx_word' id='word_1_283' title='bbox 0 0 1332 3990; x_wconf 95' lang='lat' dir='ltr'> </span> 
     </span>
    </p>
   </div>
  </div>
 </body>
</html>
