2658 3986
386 235 646 292 EPISTOLARUM
664 237 725 292 Vll.
746 245 768 292 1.
789 243 813 291 2.
1014 236 1077 301 195
1214 305 1218 312 ,

117 401 206 466 sum,
233 381 374 466 gaudeo,
400 381 452 446 sin
473 357 595 467 minus,
621 380 684 447 hoo
706 404 758 447 me
787 385 897 446 tumen
919 369 1078 467 consolor,

117 469 206 554 quod
229 470 366 554 posthac
394 469 435 534 ad
462 470 555 536 ludos
578 470 687 535 venies
713 493 837 555 nosque
866 470 951 536 uses
974 491 1078 555 neque

116 559 164 714 issrir⁰
165 558 331 714 11εἰξιεῒιιοᾶιθιε
357 558 519 642 relinques
546 559 627 624 meis
654 581 745 643 spem
774 560 915 644 aliquam
942 559 1078 626 delecta·

576 839 618 908 Π.

255 975 257 984 ’
311 953 369 1010 Sor.
388 953 494 1010 Romae
512 954 627 1011 ineunte
646 972 719 1011 anno
738 975 764 1010 u.
784 972 806 1010 o.
828 961 884 1012 703.

227 1106 230 1114 ⁴
355 1079 392 1135 M.
412 1077 541 1136 CICERO
561 1079 588 1134 S.
606 1081 640 1136 D.
659 1080 696 1134 M.
714 1078 840 1136 MARIO.

185 1177 380 1245 Mandatum
409 1183 503 1245 tuum
533 1180 652 1246 curabo
681 1180 864 1266 diligentem
896 1179 1113 1248 sedh0m01

118 1271 235 1334 acutus
258 1268 288 1333 ei
310 1268 473 1334 mandasti
494 1269 713 1373 potissimum,
741 1269 792 1335 cui
815 1269 978 1354 expediret
998 1269 1079 1334 illud

117 1356 230 1422 venire
262 1378 360 1442 quam
390 1357 544 1442 plurimo;
576 1358 672 1423 sed
658 1380 695 1424 cn
721 1380 759 1424 eo
791 1358 901 1424 vidisti
931 1358 1079 1442 multum,

119 1445 207 1530 quod
234 1446 429 1549 praefinisti,
459 1468 523 1532 quo
550 1468 592 1512 ne
614 1447 716 1532 pluris
743 1469 890 1513 emerem.
936 1446 1077 1524 Quod
1051 1469 1080 1512 s1

118 1533 202 1599 mihi
223 1535 438 1620 permisisses,
465 1535 520 1620 qui
542 1557 633 1602 meus
656 1558 747 1603 amor
772 1537 808 1601 in
829 1540 862 1601 te
886 1539 948 1621 est,
971 1536 1078 1602 confe-

120 1623 237 1689 cissem
261 1645 334 1690 cum
357 1623 581 1709 coheredibus3
603 1647 700 1710 nuno,
723 1625 875 1710 quoniam
892 1628 986 1690 tuum
1008 1647 1078 1709 pre·

120 1712 204 1777 tium
225 1714 316 1797 novi,
342 1713 560 1779 illicitatorem
586 1715 695 1800 potius
718 1737 851 1801 ponam,
878 1735 976 1798 quam
998 1714 1079 1778 illud

119 1801 256 1866 minoris
278 1805 403 1868 veneat.
440 1800 503 1868 Sed
526 1802 565 1867 da
587 1804 658 1870 ioco
682 1803 761 1869 satis
784 1805 846 1868 est:
869 1805 962 1867 tuum
979 1818 1113 1887 nego-2

119 1891 204 1954 tium
227 1911 337 1977 agam,
359 1891 454 1957 sicuti
476 1891 591 1977 debeo,
617 1892 797 1977 diligenter.
841 1890 892 1956 De
914 1890 1020 1955 Bursa
1046 1895 1079 1954 te

120 1979 262 2065 gaudere
286 1982 373 2046 certo
397 1981 477 2063 scio;
504 1980 560 2045 sed
582 1981 679 2045 nimis
702 1979 881 2046 verecunde
903 1979 984 2043 mihi
1007 2000 1078 2064 gra-

119 2068 250 2153 tularis,
280 2072 376 2154 putas
408 2069 508 2153 enim,
543 2072 582 2135 ut
613 2068 739 2153 scribis,
774 2071 907 2153 propter
937 2067 1079 2132 hominis

121 2157 233 2222 sordes
260 2158 368 2223 minus
395 2180 447 2223 me
474 2179 628 2260 magnam
654 2158 744 2222 illam
771 2156 929 2222 laetitiam
955 2158 1079 2240 putare

121 2243 242 2312 Credas
256 2246 336 2312 mihi
354 2247 452 2312 velim
469 2247 574 2333 magis
587 2269 639 2312 me
656 2245 773 2311 iudicio
787 2244 851 2311 hoc
864 2266 962 2330 quam
974 2248 1079 2310 morte

120 2335 246 2399 inimici
266 2336 435 2400 laetatum:
459 2336 600 2420 primum
622 2337 709 2400 enim
731 2334 850 2400 iudicio
872 2335 958 2400 malo
982 2355 1079 2419 quam

121 2424 241 2509 gladio,
263 2424 377 2490 deinde
401 2425 505 2510 gloria
526 2425 636 2510 potius
655 2425 749 2490 amici
767 2446 865 2509 quam
883 2424 1079 2507 calamitate,

120 2513 156 2576 in
178 2513 355 2599 primisque
381 2536 433 2578 mc
461 2513 633 2582 delectavit
657 2516 786 2579 tantum
810 2512 952 2579 studium
978 2514 1079 2578 bono-

120 2623 195 2666 rum
226 2602 262 2666 in
288 2625 340 2667 me
363 2603 523 2668 exstitisse
554 2606 668 2668 contra
698 2602 919 2671 incredibilem
947 2605 1079 2668 conten·

120 2692 245 2756 tionem
269 2691 438 2757 clarissimi
461 2693 495 2756 et
516 2692 734 2776 potentissimi
756 2690 830 2776 viri3
852 2693 1079 2776 postremo-
1098 2705 1114 2753 a

121 2779 176 2844 vix
198 2780 267 2844 veri
289 2780 394 2845 simile
419 2780 559 2846 fortasse
587 2781 734 2846 videatur
756 2817 801 2827 -
824 2780 954 2845 oderam
976 2781 1079 2845 multo

121 2867 214 2953 peius
236 2867 325 2933 huno
343 2891 441 2954 quam
458 2870 550 2934 illum
567 2870 676 2954 ipsum
694 2867 856 2953 Clodium,
877 2869 970 2933 illum
993 2869 1080 2934 enim

122 2978 357 3043 oppugnarem,
374 2958 462 3024 hunc
481 2958 696 3042 defenderam,
718 2960 752 3023 et
769 2958 833 3043 ille,
856 2980 956 3043 quum
974 2959 1079 3023 omnis

121 3067 173 3112 res
196 3047 327 3132 publica
347 3047 383 3111 in
405 3068 477 3113 meo
500 3046 605 3132 capite
629 3047 800 3112 discrimen
818 3050 904 3112 esset
920 3047 1080 3129 habitura,

122 3155 280 3220 magnum
311 3135 464 3220 quiddam
492 3136 662 3221 spectavit,
693 3157 753 3200 nec
781 3158 840 3201 sua
867 3139 996 3220 sponte,
1024 3096 1080 3199 seri

122 3245 235 3290 eorum
261 3224 395 3309 auxilio,
422 3225 477 3309 qui
503 3247 555 3292 me
583 3228 690 3290 stante
718 3229 803 3290 stare
830 3247 898 3290 non
919 3225 1080 3308 poterant,

122 3312 175 3378 hic
199 3312 345 3380 simiolus
368 3313 469 3378 animi
491 3335 588 3381 causa
609 3335 671 3398 me,
692 3313 728 3378 in
750 3335 844 3398 quem
867 3313 1080 3396 inveheretur,

123 3401 288 3488 delegerat
309 3405 575 3488 persuaseratque
601 3365 768 3469 norinullis
795 3401 913 3467 invidis
942 3401 1022 3468 meis
1046 3422 1079 3468 sc

191 3593 245 3666 Ep.
265 3600 291 3663 2,
306 3601 331 3651 3.
358 3597 481 3664 adituro,
498 3612 628 3666 mopnum
647 3594 718 3665 (ιιι
737 3611 774 3648 an
791 3594 926 3662 subitura,
944 3611 979 3650 m.
994 3595 1079 3666 (W.)?

814 3683 868 3737 13*
