2636 3986
218 235 286 300 420
501 234 539 290 M.
558 233 683 290 TULLII
700 232 892 290 clonnoms

217 383 255 446 ut
277 379 461 446 existiment
483 401 557 444 eum
575 379 668 463 quasi
686 379 795 444 divino
815 377 951 444 consilio
968 377 1024 443 isti
1042 377 1178 462 negotio

217 469 437 554 praepositum
469 489 552 552 esse,
584 468 669 553 apud
702 488 798 551 quem
828 488 930 532 unum
961 487 1037 549 nos,
1063 487 1179 532 eorum

217 559 367 643 perpetui
388 557 583 641 defensores,
605 556 781 641 plurimum
802 556 909 620 valere
932 575 1110 639 possemus.

675 749 716 816 V.

378 862 434 918 Sor.
453 861 558 918 Romae
576 879 672 918 mense
691 861 808 918 Octobri
825 878 850 917 a.
869 879 896 916 u.
916 879 939 916 c.
955 869 1015 918 709.

313 987 356 1042 M.
376 986 504 1042 CICERO
524 987 551 1042 S.
570 987 604 1041 D.
623 986 654 1054 Q.
673 985 835 1042 VALERIO
854 985 934 1041 ΒΕΘ.
953 985 1082 1042 PROPR

185 1101 199 1152 1
285 1084 362 1153 Non
395 1088 530 1153 moleste
565 1087 636 1152 fero
673 1108 745 1151 eam
775 1085 1059 1171 necessitudinem,
1095 1107 1180 1170 quse

218 1175 299 1241 mihi
320 1180 428 1241 tecum
450 1179 513 1259 est,
535 1177 648 1241 notam
675 1196 744 1240 csse
766 1174 1047 1259 quamplurimis,
1071 1195 1180 1259 neque

218 1269 329 1330 temen
361 1265 403 1330 ob
430 1286 502 1330 eam
530 1285 661 1329 causam
684 1263 837 1348 —quod
862 1263 1044 1348 tuoptime
1071 1263 1181 1330 existi-

219 1375 306 1418 mare
336 1357 428 1437 potes
443 1353 495 1400 '-
518 1356 550 1417 te
572 1351 727 1436 impedio,
759 1373 823 1436 quc
852 1351 960 1418 minus
992 1354 1181 1435 susceptum

219 1442 388 1612 sustu
406 1462 473 1613 tf?
487 1445 558 1594 tt
570 1440 647 1592 tt
662 1439 1179 1613 ilgfflhsttltsissmlltutllff

93 1669 96 1676 .
219 1618 316 1702 misit,
338 1639 448 1703 gerere
471 1617 590 1701 possis3
611 1639 698 1701 nam,
720 1638 820 1701 quum
841 1617 936 1682 multi
959 1639 1048 1683 ame
1063 1621 1182 1701 petant

219 1707 330 1791 multa,
351 1706 437 1790 quod
456 1706 495 1771 de
513 1708 572 1770 tue
589 1725 667 1791 erge
685 1727 736 1770 me
754 1706 922 1772 voluntate
937 1726 1005 1770 non
1019 1706 1179 1790 dubitent,

219 1817 287 1860 non
314 1794 495 1877 committo,
522 1798 559 1858 nt
586 1794 762 1860 ambitione
789 1815 861 1859 mea
889 1795 1080 1860 conturbem
1107 1794 1179 1861 offi-

185 1884 305 1948 acium
327 1887 429 1948 tuum.
466 1881 500 1949 Ο.
515 1880 627 1949 Ourtio
649 1884 691 1950 ab
711 1883 843 1947 ineunte
866 1885 973 1947 aetate
994 1883 1180 1948 familiaris·
1312 1871 1313 1911 ³

220 1974 300 2037 sime
327 1995 399 2037 sum
426 1994 516 2055 usus3
544 1973 612 2037 eius
640 1974 673 2038 ct
700 1969 826 2036 Sullani
851 1972 1006 2056 temporis
1035 1971 1180 2037 iniustis-

220 2061 302 2127 sime
333 2061 517 2126 calamitate
550 2061 639 2125 dolui
670 2065 716 2144 et,
747 2081 847 2144 quum
873 2060 927 2145 iis,
958 2060 1014 2145 qni
1041 2061 1181 2126 similem

219 2150 371 2215 iniuriam
402 2153 605 2234 acceperant,
632 2149 758 2214 emissis
786 2148 936 2214 omnibus
963 2148 1103 2214 fortunis
1129 2171 1181 2213 re·
1309 2207 1310 2210 ,

221 2238 306 2304 ditus
328 2243 439 2304 tamen
464 2239 500 2302 in
522 2238 662 2322 petriam
683 2238 851 2303 voluntate
879 2237 1024 2302 omnium
1046 2238 1182 2303 concedi
1308 2301 1309 2333 ἦ

220 2327 391 2411 videretur,
413 2327 542 2390 adiutor
563 2326 795 2391 incolumitatis
817 2326 879 2390 fui:
900 2326 929 2390 is
947 2325 1047 2390 habet
1063 2326 1099 2390 in
1112 2325 1181 2392 Vo-

220 2416 382 2480 laterrano
409 2414 658 2499 possessionem,
685 2417 785 2498 quum
810 2414 847 2478 in
873 2435 945 2479 cem
971 2418 1181 2498 tamquame

220 2503 391 2586 naufragio
414 2502 566 2586 reliquias
589 2503 791 2586 contulisset3
816 2502 880 2568 hoc
903 2506 1011 2568 eutem
1032 2506 1181 2588 tempore

221 2613 295 2656 eum
322 2589 440 2654 Oeeser
466 2591 502 2654 in
529 2592 677 2655 senatum
704 2591 797 2676 legit,
829 2612 925 2674 quem
951 2591 1097 2656 ordinem
1124 2591 1181 2658 ille
1304 2589 1306 2658 J

220 2679 284 2744 iste
310 2679 513 2764 possessione
541 2679 660 2743 amissa
686 2678 770 2744 tucri
797 2679 851 2744 vix
876 2683 998 2764 potest3
1029 2680 1180 2766 gravissi·
1303 2754 1304 2769 χ

221 2790 310 2832 mum
333 2771 441 2834 eutem
468 2771 531 2852 est,
559 2789 659 2852 quum
682 2767 828 2852 superior
853 2767 960 2834 factus
988 2768 1031 2832 sit
1058 2768 1181 2853 ordino,

221 2856 408 2922 inferiorem
431 2878 500 2921 esse
522 2856 664 2942 fortuna,
686 2857 881 2940 minimeque
904 2857 1117 2923 convenitur
1140 2879 1179 2924 eo

223 2965 311 3030 agro,
334 2945 390 3029 qui
408 2942 554 3010 Caesaris
577 2946 668 3010 iussu
689 2945 861 3029 dividatur,
882 2965 956 3009 eum
974 2946 1105 3029 moveri,
1124 2947 1181 3030 qui

187 3031 369 3098 thesaris
399 3033 555 3100 beneficio
592 3035 723 3099 senator
756 3033 807 3098 sit.
866 3031 929 3098 sed
960 3033 1040 3098 mihi
1072 3034 1180 3100 minus
1299 3049 1300 3052 ’

221 3123 302 3187 libet
324 3122 426 3188 multa
448 3121 487 3187 de
510 3123 673 3206 aequitate
695 3121 742 3186 rei
765 3122 916 3205 scribere,
939 3143 980 3186 ne
1004 3144 1100 3187 causa
1121 3144 1180 3207 po·

221 3212 287 3277 tius
310 3210 396 3295 apud
418 3214 451 3275 te
473 3211 611 3275 valuisse
633 3209 744 3274 videar
765 3232 863 3294 quam
885 3211 1004 3296 gratim
1026 3212 1180 3294 quamob-
1296 3257 1298 3276 t

221 3321 291 3364 rem
313 3303 346 3364 tc
368 3300 404 3372 in
426 3299 581 3363 maiorem
602 3297 733 3362 modum
755 3320 847 3384 rogo,
868 3303 907 3364 ut
929 3296 963 3364 0.
986 3297 1089 3364 Curtii
1110 3321 1180 3364 rem

223 3407 327 3451 meam
349 3389 444 3470 putes
466 3406 548 3450 esse:
576 3385 730 3471 quidquid
758 3409 830 3452 mea
852 3408 950 3452 causa
971 3388 1107 3474 faceres,
1133 3393 1180 3474 ut,

294 3575 345 3645 sp.
365 3579 390 3628 s.
428 3575 471 3628 M.
491 3573 639 3630 oroneo
657 3576 733 3646 (wo.
771 3576 919 3632 oroneo
936 3579 983 3647 u,
1002 3579 1094 3650 vulgo.
