2556 3986
375 218 635 282 nersnonleon
653 225 713 281 xv.
732 231 757 282 ι.
792 203 793 206 ‘
906 209 916 227 ⁴
979 221 1043 289 509

87 375 138 438 die
161 393 229 436 rem
248 372 386 455 eonfeoi,
410 373 448 436 ut
468 371 619 437 omnibus
641 370 787 456 pellibus
814 369 902 435 urbis
928 369 1045 434 distur-

87 461 172 526 batis
204 463 261 524 eut
293 460 433 524 incensis
465 459 623 544 compulsi
652 459 688 523 in
719 462 914 544 potestatem
940 479 1045 523 meam

87 549 301 636 pervenirent.
337 545 398 612 His
417 551 511 612 erent
527 547 657 613 finitimi
674 549 745 632 peri
763 549 881 612 seelere
900 550 932 612 et
948 546 1045 610 ende·
1169 593 1181 608 ,

88 639 139 702 oio
165 637 339 720 Tebarani,
370 636 411 700 ab
440 637 480 700 iis
502 635 693 701 Pindenisso
721 639 817 721 oepto
844 635 972 701 obsides
994 655 1046 698 ao·

88 726 172 810 oepi:
196 725 369 790 exereitum
395 725 431 790 in
457 724 594 790 hiberna
620 724 741 808 dimisi3
766 723 803 800 Q.
830 724 964 788 fratrem
991 741 1045 786 ne·

88 815 179 900 gotio
211 813 397 899 praeposui,
428 816 466 878 ut
492 813 528 877 in
559 813 638 877 viois
665 816 722 876 aut
753 813 855 897 septis
884 815 941 876 eut
961 811 1045 874 male

87 902 212 987 pacatis
233 903 393 967 exereitus
415 901 636 968 collocaretur.
681 899 777 965 Nune
799 901 896 964 velim
917 899 964 964 sio
984 899 1096 964 tibin

87 990 293 1076 persuadens,
312 991 344 1055 si
366 990 404 1056 de
427 990 467 1056 iis
489 990 585 1054 rebus
608 990 650 1054 ed
669 991 817 1054 senonim
834 989 972 1052 relatum
995 987 1046 1072 sit,

89 1101 141 1144 me
163 1079 421 1143 existimaturum
444 1099 603 1142 summam
625 1077 705 1142 mihi
732 1076 860 1142 leudem
881 1076 1047 1160 tributam,

89 1168 119 1232 si
149 1171 187 1232 tu
215 1167 372 1232 honorem
401 1187 511 1232 ‘meum
539 1166 700 1231 sententio
730 1168 789 1230 tue
815 1163 1046 1249 comproberis,

89 1256 195 1340 idque,
217 1255 279 1322 etsi
299 1255 421 1320 talibus
442 1255 483 1320 de
504 1255 601 1319 rebus
619 1253 827 1340 gravissimos
844 1253 993 1318 homines
1015 1255 1048 1316 et

89 1365 206 1430 rogere
234 1345 336 1410 solere
363 1348 397 1408 et
422 1343 532 1429 rogeri
561 1344 641 1426 seio,
672 1346 782 1408 temen
809 1340 1047 1406 admonendum

89 1433 200 1517 potius
222 1435 257 1498 te
278 1453 298 1497 a
319 1455 372 1498 me
399 1453 496 1517 quern
517 1432 700 1516 rogandum
722 1435 815 1516 puto:
844 1433 881 1494 tu
904 1451 938 1494 es
961 1429 1048 1493 enim

90 1522 119 1586 is
125 1521 216 1605 ,qui
247 1543 299 1586 me
329 1521 394 1585 tuis
424 1521 593 1586 sententiis
621 1520 806 1604 saepissime
829 1519 966 1602 ornasti,
993 1518 1049 1602 qni

92 1609 247 1693 oratione,
270 1610 325 1693 qui
347 1609 595 1693 praedieatione,
617 1609 673 1692 qui
691 1608 824 1674 summis
841 1607 990 1672 leudibus
1013 1607 1049 1670 in

92 1701 221 1780 senatu,
251 1698 288 1762 in
315 1697 522 1762 oonoionrtns
550 1696 592 1761 ed
619 1698 743 1761 eoelum
771 1697 926 1781 extulisti,
957 1693 1048 1759 euius

92 1806 155 1869 ego
183 1805 308 1866 semper
334 1788 427 1848 tenta
454 1806 523 1848 esse
554 1785 725 1849 verborum
751 1784 897 1868 pondero
926 1783 1048 1867 putavi,

93 1877 131 1937 ut
153 1892 219 1936 uno
241 1871 339 1936 verbo
361 1875 419 1936 tuo
443 1893 515 1936 oum
537 1891 611 1936 men
632 1872 725 1936 leude
743 1872 917 1936 eoniuneto
941 1870 1050 1935 omnin

93 1981 223 2114 {till
240 1959 532 2132 ,nstitit
549 1959 1050 2132 tnffffintll

94 2159 164 2203 non
185 2136 386 2220 deeemeiee,
408 2136 512 2200 dicere
534 2139 567 2200 te
590 2135 804 2221 deoretrrnm,
827 2136 855 2200 si
877 2134 1050 2200 referretur

95 2226 137 2292 ob
166 2247 222 2289 ens
250 2246 314 2309 res,
343 2247 427 2310 ques
458 2226 486 2289 is
513 2223 625 2289 oonsul
656 2223 693 2288 in
718 2223 798 2289 urbe
821 2223 986 2310 gessisset3
1013 2225 1050 2288 tu
1098 2241 1100 2252 ·

94 2313 180 2378 idem
211 2313 291 2378 mihi
327 2313 595 2397 supplieationem
621 2311 790 2377 decrevisti
815 2315 943 2398 togato,
974 2333 1050 2394 non,

95 2405 133 2468 ut
154 2400 278 2486 multis,
304 2422 340 2466 re
367 2401 496 2486 publiea
522 2401 605 2465 bene
627 2404 734 2487 geste,
761 2401 830 2486 sed,
856 2403 895 2466 ut
919 2400 1050 2483 nemini,

94 2511 129 2554 re
152 2489 282 2574 publiea
302 2493 506 2573 conservete3
533 2489 638 2576 mitto,
661 2488 747 2574 quod
768 2489 937 2574 invidiam,
963 2489 1050 2573 qnod
1070 2503 1102 2552 12

95 2578 251 2662 periente,
273 2577 361 2662 quod
384 2599 495 2642 omnes
517 2599 606 2644 meas
628 2580 836 2662 tempestates
859 2581 892 2642 et
914 2578 1049 2643 subieris

96 2668 130 2730 et
151 2666 254 2733 multo
275 2667 376 2730 etiem
401 2667 518 2751 magis,
545 2667 573 2730 si
599 2687 657 2751 per
682 2687 734 2730 me
760 2667 917 2751 lionisset,
943 2667 1050 2730 subire

97 2753 319 2838 paratissimus
342 2754 455 2838 fueris,
483 2753 568 2838 quod
596 2753 733 2844 denique
754 2755 921 2818 inimicum
943 2774 1051 2819 meum

96 2845 190 2906 tunm
216 2842 383 2907 inimicum
409 2842 547 2927 puteris,
574 2843 664 2907 onius
692 2841 789 2908 etiem
810 2842 991 2926 interitum,
1016 2847 1053 2907 nt

95 2930 190 2996 facile
213 2931 435 3016 intelligerem,
457 2930 538 2995 mihi
556 2934 714 3014 quantum
730 2930 896 3016 tribueres,
918 2930 1050 2996 Milonis

95 3041 194 3083 eausa
225 3019 261 3083 in
296 3022 411 3084 senatu
447 3019 650 3084 defendenda
687 3019 884 3104 approbaris.
937 3018 969 3084 A
1000 3041 1050 3084 me

96 3111 206 3172 autem
227 3105 308 3172 haee
330 3110 408 3172 sunt
427 3109 466 3172 in
486 3112 514 3172 te
534 3107 689 3194 profecte,
711 3129 792 3192 quae
815 3129 876 3193 ego
898 3108 934 3173 in
955 3108 1051 3172 bene·

95 3195 160 3260 fieii
187 3196 259 3260 loeo
286 3215 354 3259 non
375 3216 477 3280 pono,
503 3195 560 3260 sed
586 3196 623 3261 in
649 3197 717 3262 veri
745 3196 923 3261 testimonii
954 3199 1050 3279 atque

166 3421 219 3492 Ep.
240 3427 272 3490 4,
293 3427 334 3477 10.
373 3419 515 3477 Tebarani
539 3422 605 3491 (n).
653 3423 714 3477 Tit.
738 3421 833 3493 vulgo.
879 3425 920 3476 12.
948 3437 1050 3478 conser-

95 3497 177 3558 ooto;
194 3509 229 3547 m.
248 3491 324 3563 (W.).
361 3508 382 3546 e.
411 3491 455 3546 M.
475 3493 568 3563 vulgo.
593 3523 626 3533 -
649 3498 738 3548 autem
755 3494 788 3547 in
804 3497 831 3548 te
847 3493 873 3548 t.
891 3497 957 3548 sunt
974 3492 1049 3563 pros.

95 3562 180 3632 (W.)r
199 3593 234 3603 -
251 3578 298 3634 eqo
315 3578 372 3618 non
389 3564 422 3617 in
440 3563 464 3618 b.
484 3563 541 3620 loeo
554 3579 630 3633 pono
649 3563 763 3634 (Orelli
