2636 3986
501 953 610 1011 LIBER
628 953 797 1024 QUARTUS
814 950 982 1012 Daunius.

383 1079 455 1150 AD
491 1081 825 1150 TERENTIAM
860 1080 1103 1148 UXOREM.

728 1258 754 1324 Ι.

300 1377 358 1434 Sor.
376 1379 545 1448 Dyrrhachii
563 1396 588 1435 a.
607 1380 634 1434 d.
653 1379 700 1435 VI.
719 1379 781 1434 Kal.
799 1379 967 1436 Decembres
986 1395 1011 1434 a.
1030 1398 1056 1434 u.
1077 1396 1101 1433 e.
1123 1385 1181 1434 696.

301 1519 456 1576 TULLIUS
480 1520 692 1576 TERENTIAE
716 1521 823 1589 SUAE,
847 1520 1054 1577 TULLIOLAE
1078 1519 1186 1581 SUAE.

456 1589 630 1648 CICERONI
648 1592 717 1650 SUO
737 1592 909 1648 SALUTEM
926 1590 1034 1647 DIOIT.

232 1721 246 1769 1
333 1698 379 1764 Et
399 1699 515 1765 liabens
543 1701 717 1768 multorum
744 1705 776 1766 eb
803 1721 952 1766 emmone
979 1700 1126 1765 omnium
1153 1719 1215 1783 per·

265 1788 367 1851 fertur
384 1788 426 1852 ed
443 1810 496 1853 me
512 1789 731 1854 incredibilem
753 1793 843 1854 auam
865 1789 1017 1854 virbubeun
1040 1792 1073 1852 er
1093 1789 1215 1853 fortitu·

266 1875 374 1941 dinem
388 1898 457 1942 esee
474 1881 569 1962 teque
587 1900 647 1942 neo
660 1878 761 1943 animi
777 1898 881 1963 neque
896 1878 1038 1962 corporis
1055 1877 1215 1942 laboribus

266 1963 444 2049 defatigari.
488 1965 541 2030 Me
564 1967 730 2031 miserum!
757 1968 789 2030 te
811 1966 876 2031 ista
897 1965 1029 2050 virtum,
1050 1965 1128 2049 fide,
1150 1985 1214 2049 pro·

266 2052 380 2137 bitabe,
406 2055 607 2119 humanibate
629 2055 665 2119 in
685 2057 794 2119 'eunies
818 2075 988 2118 aerumnas
1014 2057 1150 2139 propter
1170 2071 1215 2115 me

178 2148 182 2158 '
266 2140 425 2227 incidisse,
448 2143 692 2228 Tulliolamque·
705 2145 864 2228 nostram,
887 2164 927 2207 ex
949 2164 1013 2228 quo
1035 2145 1129 2227 patre
1150 2144 1215 2206 tan-

266 2232 317 2295 tae
330 2232 512 2316 voluptates
526 2232 683 2316 capiebas,
696 2253 735 2296 ex
749 2253 787 2296 eo
800 2234 911 2296 tantos
923 2231 1087 2316 percipere
1101 2227 1214 2296 luctus!

267 2316 353 2382 Nam
374 2321 453 2405 quid
475 2340 535 2405 ego
558 2320 597 2385 de
620 2319 772 2386 Cicerone
796 2320 922 2385 dicam?
948 2319 1005 2403 qui
1031 2341 1132 2404 quum
1158 2317 1215 2401 pri·

267 2429 356 2470 mum
379 2429 490 2492 sapere
512 2407 631 2492 ccepst,
659 2408 881 2474 acerbissimos
909 2407 1034 2472 dolores
1061 2407 1216 2472 miserias·

268 2515 329 2578 que
351 2497 501 2579 percepit.
538 2493 626 2570 Quae
644 2497 682 2581 si,
702 2500 739 2560 tu
761 2499 798 2560 ub
820 2497 942 2579 scribis,
964 2495 1033 2561 fato
1055 2497 1143 2562 facta
1164 2515 1216 2579 pu·

266 2585 378 2668 tarem,
400 2583 516 2648 ferrem
539 2585 648 2668 paullo
670 2584 809 2669 facilius,
836 2585 893 2650 sed
915 2584 1025 2649 omnia
1051 2588 1128 2648 sunt
1150 2603 1216 2648 mea

267 2671 362 2755 culpa
383 2673 563 2756 commissa,
586 2673 641 2758 qui
664 2672 767 2738 abiis
790 2694 841 2737 me
864 2672 966 2738 amari
983 2675 1148 2757 putabam,
1167 2671 1216 2756 qui

233 2759 463 2847 ainvideban’c,
486 2782 540 2828 eos
562 2782 630 2827 non
653 2761 821 2845 sequebar,
844 2762 899 2845 qui
920 2761 1083 2846 petebant.
1130 2757 1216 2836 Quod
1274 2754 1275 2820 j

241 2899 245 2907 .
268 2848 296 2912 si
317 2851 439 2914 nostris
456 2851 598 2917 consiliis
616 2851 668 2916 usi
685 2871 827 2915 essemus
845 2871 948 2935 neque
967 2850 1053 2933 apud
1070 2871 1130 2917 nos
1150 2853 1215 2913 aan-

266 2939 337 3000 bum
363 2939 517 3005 valuisset
539 2961 643 3005 sermo
671 2943 728 3004 aab
758 2939 930 3004 stultorum
962 2938 1139 3006 amicorum
1166 2939 1216 3002 aut
1275 2919 1276 2998 i

266 3025 499 3111 improborum,
527 3028 705 3093 beabissimi
727 3026 918 3093 viveremus:
945 3047 1045 3106 nunc,
1069 3028 1214 3114 quoniam
1275 3037 1276 3106 g

267 3137 395 3199 sperare
422 3138 482 3183 nos
511 3117 605 3180 amici
632 3117 757 3198 iubent,
790 3115 873 3182 dabo
905 3137 1049 3202 operam,
1081 3137 1123 3181 ne
1149 3137 1216 3180 mea
1275 3187 1276 3194 ἵ

266 3204 415 3269 valetudo
437 3209 494 3270 tuo
516 3203 621 3270 labori
643 3203 732 3268 desit.
769 3201 834 3269 Res
853 3209 975 3289 quanta
994 3205 1044 3290 sit,
1067 3205 1215 3289 intelligo,

267 3296 450 3377 quanboque
481 3292 578 3357 fueris
608 3290 733 3356 facilius
764 3313 894 3358 manere
926 3293 1014 3358 domi
1046 3316 1142 3378 quam
1172 3314 1214 3356 re-

267 3381 349 3464 dirc;
373 3381 428 3445 scd
450 3384 569 3462 tamen,
592 3379 619 3443 si
642 3399 753 3443 omncs
774 3381 923 3448 tribunos
944 3382 987 3465 pl.
1005 3382 1169 3465 habemus,
1190 3381 1214 3445 si
1275 3407 1276 3422 u

338 3526 390 3638 ap.
410 3573 473 3635 1,1.
510 3567 646 3634 aucae,
666 3567 697 3622 r.
718 3569 793 3638 (wi.
829 3572 865 3625 ,τι
884 3571 915 3627 r.
934 3573 966 3628 a.
