2578 3982
217 239 476 297 EPISTULARUM
493 241 543 296 Al)
563 240 594 307 Q.
612 240 789 296 FRATREM
807 241 841 295 ΙΙ.
860 246 958 296 11.12.
999 239 1062 303 611

8 407 12 448 z
111 387 312 470 successerit,
338 385 420 452 bene
448 387 510 451 erit
536 407 633 471 opera
659 386 779 471 posita,
806 385 858 452 sin
885 385 1004 469 miuus,
1030 384 1065 448 in

8 515 9 518 =
110 475 191 540 illud
212 475 319 558 ipsum
341 495 429 539 mare
451 474 647 558 deiiciemus,
677 473 761 559 quod
785 476 967 558 spectantes
989 474 1064 536 scri·

109 563 231 646 bimua,
259 563 348 642 atque
381 561 604 648 aggrediemur
627 561 703 646 alia,
730 562 880 646 quoniam
904 561 1064 644 quiescere

8 679 12 718 τ.
110 671 179 716 non
201 669 381 734 possumus.
425 648 496 715 Tua
524 650 676 715 mandata
698 671 872 735 persequar
895 648 1091 734 diligenterr

8 767 11 808 !
111 742 145 802 et
167 735 202 801 ia
224 735 437 823 adiungendis
459 737 644 803 hominibus
672 741 706 803 et
726 739 762 802 in
784 737 975 821 quibusdam
997 757 1065 802 non

111 825 304 909 alienandis3
326 825 482 890 maximae
505 825 585 891 mihi
607 847 682 891 vero
706 845 800 890 curae
823 826 896 910 erit,
919 829 956 890 ut
978 823 1064 889 Cice-

7 947 12 986 1
110 935 223 980 renem
250 917 342 978 tuum
369 916 579 997 nostrumque
610 913 735 979 videam
768 913 888 978 scilicet
915 912 1065 998 quotidie,

112 1003 167 1066 sed
186 1001 364 1086 inspiciam,
382 1001 458 1086 quid
477 1002 587 1086 discat,
606 1024 702 1087 qnam
722 1002 920 1085 saepissime3
943 1003 984 1084 et,
1002 1001 1065 1065 nisi
1110 1044 1122 1061 .

7 1163 8 1166 Ἴ
110 1091 165 1154 ille
188 1093 386 1174 contemnet,
413 1090 511 1155 etiam
533 1089 724 1176 magistrum
751 1110 802 1155 me
830 1087 859 1154 e'i
881 1088 1065 1174 profitebor,

111 1179 201 1243 cuius
224 1179 271 1243 rei
293 1177 485 1243 nonnullam
508 1177 773 1244 consuetudinem
799 1180 914 1242 nactus
938 1197 1009 1241 sum
1030 1177 1065 1240 in

110 1266 173 1331 hoc
204 1266 320 1331 horum
352 1265 475 1331 dierum
509 1267 575 1333 otio
607 1263 760 1332 Cicerone
796 1269 908 1330 nostro
942 1265 1065 1330 minore

111 1353 325 1438 producendo.
353 1352 412 1439 Tu,
426 1354 694 1438 quemadmodum
708 1353 829 1438 scribis,
844 1352 937 1438 quod,
954 1353 1063 1418 etiam·
1079 1366 1092 1408 ³

7 1487 9 1526 3
112 1443 139 1508 si
170 1463 238 1507 non
269 1442 437 1527 scriberes,
471 1442 577 1510 facere
608 1446 640 1508 te
677 1443 920 1528 diligentissime
955 1444 1065 1506 tamen

13 1577 26 1590 .
112 1531 265 1616 sciebam,
291 1531 390 1597 facies
418 1531 551 1617 scilicet,
582 1534 620 1596 ut
645 1552 717 1596 mea
744 1531 897 1597 mandata
929 1528 1065 1615 digeras,

6 1645 8 1708 ζ
110 1639 317 1704 persequare,
339 1619 498 1685 conficias.
542 1619 630 1705 Ego,
657 1641 756 1703 quum
778 1617 915 1684 Romam
938 1638 1065 1702 venero,

111 1707 237 1772 nullum
258 1707 513 1790 praetermittam
536 1705 682 1773 Caesaris
703 1707 917 1788 tabellarium,
939 1706 991 1770 cui
1014 1706 1064 1770 lit·

6 1827 7 1830 *
111 1797 198 1858 teras
226 1792 266 1857 ad
297 1797 331 1857 te
357 1814 424 1858 non
456 1792 541 1858 dem:
572 1794 623 1866 his
651 1793 763 1859 diebus
785 1794 1064 1876 -ignosces-

113 1882 162 1946 oui
187 1881 296 1946 darem
323 1881 386 1945 fuit
408 1883 507 1945 'nemo
535 1883 610 1946 ante
637 1880 723 1946 huno
750 1879 793 1945 Μ.
817 1877 952 1964 Orfium,
979 1881 1065 1964 equi·

111 1973 178 2034 tem
210 1969 408 2054 Romanum,
442 1971 589 2034 nostrum
622 1972 655 2033 et
680 1969 702 2048 †
728 1967 1002 2053 pernecessarium
1033 1972 1067 2032 et

113 2057 198 2142 quod
222 2061 333 2124 estex
355 2057 530 2141 municipio
552 2057 718 2142 Atellano,
746 2054 830 2141 quod
855 2057 916 2121 scis
940 2076 1007 2122 esse
1030 2056 1066 2121 in

113 2145 175 2210 fide
197 2149 319 2210 nostra.
363 2144 476 2228 Itaque
503 2165 576 2210 eum
602 2145 663 2210 tibi
690 2143 878 2210 commendo
904 2144 939 2208 in
966 2143 1065 2209 maio·

113 2255 181 2298 rem
203 2232 343 2317 modum,
364 2233 528 2297 hominem
546 2233 633 2298 domi
653 2232 865 2316 splendidum,
887 2231 1065 2316 gratiosum

114 2321 212 2386 etiam
226 2324 316 2385 extra
330 2320 474 2404 domum3
493 2342 587 2405 quem
601 2321 653 2386 fac
671 2324 708 2385 ut
725 2326 782 2386 tua
799 2319 992 2385 liberalitate
1005 2319 1066 2385 tibi
1096 2386 1103 2398 ,

113 2409 237 2494 obliges
252 2444 294 2455 -
309 2413 358 2474 est
370 2409 519 2474 tribunus
533 2409 671 2474 militum
684 2408 719 2474 in
734 2408 873 2474 exercitu
887 2411 994 2474 vestro
1009 2429 1065 2471 -ε

113 2501 241 2583 gratum
264 2497 428 2562 hominem
451 2497 737 2581 observantemque
760 2517 944 2583 cognosces.
989 2494 1064 2561 Tre·

113 2585 237 2650 betium
260 2590 297 2648 ut
318 2585 411 2650 valde
434 2586 758 2670 ames,vehen1enter
781 2589 813 2650 te
836 2605 926 2670 rogo.

183 2809 235 2880 Ep.
256 2817 297 2879 12,
313 2817 336 2867 1.
363 2811 515 2877 scribimus,
533 2811 813 2880 atqueoyorediemur
828 2809 903 2881 (Ν).
938 2826 976 2876 c.;
989 2824 1064 2880 oyes.

114 2879 206 2951 MRI,
224 2881 320 2952 vulgo.
357 2887 381 2935 2.
400 2886 426 2935 et
441 2883 474 2936 in
491 2879 674 2950 adiungendis
686 2881 711 2936 t.
726 2885 751 2937 ct
768 2881 800 2937 ia
816 2879 979 2954 quibusdam
989 2881 1064 2951 (W.).

113 2949 194 3006 Prius
207 2951 239 3006 in
253 2951 381 3019 omldl,
395 2950 445 3005 RI.
482 2955 506 3006 ct
519 2968 546 3006 a.
559 2951 661 3020 aeto.
675 2951 734 3020 M2,
748 2950 898 3008 a-aa
911 2951 1065 3020 inspiciam,

114 3037 137 3091 q.
156 3022 193 3088 rt,
211 3037 235 3091 q.
254 3035 291 3087 e.,·
308 3025 334 3076 ct
352 3019 485 3091 (Madvig.
509 3020 545 3076 sd
562 3020 622 3077 Fin.
643 3027 667 3076 5.
691 3023 760 3090 53).
806 3021 852 3077 ced
869 3023 888 3077 i.
908 3037 931 3091 q.
950 3022 977 3077 d.
1000 3039 1023 3092 q.
1043 3037 1063 3077 e.
1131 3039 1133 3043 ’

113 3097 138 3146 et
155 3092 249 3162 vulgo.
295 3095 320 3146 3.
348 3096 373 3145 et
390 3096 408 3159 †
421 3093 653 3161 pernecessarium
680 3091 754 3159 (W).
800 3096 825 3147 et
842 3108 894 3160 per
915 3107 943 3146 sc
965 3093 1021 3158 (vel
1037 3106 1065 3146 ee

113 3163 214 3232 abeam)
228 3177 308 3232 pera
324 3160 390 3231 (W.)
409 3166 459 3218 ant
476 3167 501 3216 ct
514 3178 566 3232 per
583 3177 611 3218 cc
627 3177 684 3218 ccc.
702 3160 812 3231 (Klotz,
826 3160 876 3230 Β.).
914 3161 1013 3232 obliges
1031 3191 1064 3202 -

113 3237 152 3288 cet
231 3236 317 3289 oestro
336 3252 384 3286 a:
400 3248 441 3303 or.
461 3231 536 3302 (W.).
572 3247 596 3289 c.
623 3231 677 3288 Est
754 3248 779 3289 o.
807 3231 856 3288 Gr.
875 3232 969 3304 vulgo.
