2676 3984
220 215 287 277 264
383 245 385 248 ·
504 215 541 268 Μ.
562 213 685 268 TULLII
703 211 895 268 CICERONIS

182 381 184 384 ·
220 359 401 426 rideremus
419 379 519 443 quum
537 357 616 423 illud
634 359 751 442 ingens
770 357 900 442 malum,
923 359 1054 426 alterius
1074 359 1179 428 unius

222 449 378 520 exercitus
402 451 434 512 et
457 447 575 512 ducum
596 445 776 530 interitum,
802 449 874 511 tum
901 467 977 512 vero
1001 449 1179 515 extremum

221 537 380 602 malorum
403 535 548 601 omnium
571 556 641 600 esse
664 534 766 600 civilis
783 535 861 599 belli
878 535 1058 606 victoriam:
1082 557 1179 620 qnam

222 625 351 709 quidem
375 645 435 710 ego
459 624 556 688 etiam
579 623 709 692 illorum
730 623 894 707 timebam,
916 624 958 688 ad
980 646 1062 708 quos
1085 645 1178 690 vene·

221 735 330 779 ramus
353 749 396 760 -—
420 711 591 776 crudeliter
614 711 700 776 enim
723 711 836 780 otiosis
856 712 1075 797 minabantur,
1097 717 1179 778 eret·

223 823 284 886 que
311 802 351 866 iis
378 804 413 866 et
437 804 496 865 tua
526 801 631 865 inrisa
658 801 809 866 voluntas
837 804 869 866 et
895 822 968 865 mea
995 802 1099 874 oratio
1122 826 1179 886 -·-;

221 911 309 954 nunc
336 911 426 973 vero,
454 890 482 953 si
510 893 618 954 essent
643 889 748 954 nostri
775 889 885 974 potiti,
907 889 1000 954 valde
1022 889 1178 974 intempe-

221 981 332 1043 rantes
363 977 516 1062 fuissent,
547 980 640 1043 erant
671 977 758 1042 enim
784 977 879 1042 nobis
908 977 1055 1062 perirati,
1088 980 1179 1063 quasi

222 1067 398 1158 quidquam
415 1066 455 1131 de
472 1069 586 1132 nostra
604 1067 707 1131 salute
725 1065 985 1150 decrevissemus,
1008 1067 1094 1151 quod
1111 1089 1180 1132 non

222 1155 307 1220 idem
329 1155 394 1220 illis
417 1155 662 1239 censuissemus,
684 1158 741 1219 aut
763 1154 856 1239 quasi
872 1154 984 1220 utilius
1007 1155 1053 1218 rei
1075 1157 1179 1240 publi·

223 1265 279 1308 cae
301 1243 399 1308 fuerit
426 1265 481 1309 eos
504 1244 602 1308 etiam
625 1242 665 1308 ad
687 1243 864 1308 bestiarum
891 1242 1045 1308 auxilium
1068 1245 1179 1309 confu-

224 1352 300 1417 gere
323 1355 420 1416 quam
442 1333 493 1397 vel
516 1333 617 1396 emori
644 1332 695 1396 vel
718 1353 792 1396 cum
815 1352 884 1416 spe,
907 1331 935 1396 si
957 1347 1025 1397 non'
1048 1333 1181 1418 optima,

185 1423 259 1484 eat
290 1421 397 1504 aliqua
432 1424 544 1485 tamen
579 1421 694 1485 vivere.
751 1418 821 1504 „At
855 1420 891 1483 in
926 1421 1115 1505 perturbata
1145 1443 1180 1486 re

223 1508 352 1594 publica
374 1506 538 1574 vivimus“.
578 1506 657 1585 Quis
679 1507 802 1594 negat?
824 1508 880 1573 sed
902 1508 965 1574 hoc
987 1508 1127 1574 viderint
1148 1510 1181 1595 ii,

224 1597 279 1680 qui
301 1597 392 1661 nulla
415 1597 477 1662 sibi
500 1596 643 1662 subsidia
665 1595 707 1665 ad
730 1618 842 1664 omnes
859 1597 945 1662 vitae
964 1600 1069 1662 status
1087 1620 1180 1682 para·

223 1688 353 1769 rerunt,
388 1685 452 1750 linc
484 1687 571 1750 enim
602 1689 639 1749 ut
669 1684 827 1770 venirem,
862 1686 1010 1770 superior
1041 1687 1181 1772 longius,

224 1794 321 1857 quam
352 1774 453 1858 volui,
479 1773 574 1841 fluxit
601 1773 718 1840 oratio:
746 1795 845 1858 quum
872 1775 959 1839 enim
989 1776 1022 1839 te
1055 1795 1182 1859 semper

223 1882 380 1948 magnum
401 1862 567 1929 hominem
588 1862 777 1946 †duxerim,
800 1862 885 1946 quod
907 1863 958 1927 bis
981 1865 1180 1946 tempestati·

224 1951 286 2016 bus
313 1973 347 2016 es
374 1973 476 2037 prope
502 1953 590 2018 solus
616 1951 652 2016 in
678 1954 775 2035 portu
801 1951 988 2035 fructusque
1015 1951 1181 2019 doctrinae

223 2041 362 2125 percipis
394 2062 462 2125 eos,
494 2040 549 2124 qui
581 2040 714 2106 maximi
743 2043 832 2124 sunt,
863 2043 901 2104 ut
933 2061 971 2104 ea
998 2041 1181 2106 consideres

224 2150 325 2213 eaque
347 2132 476 2213 tractes,
498 2151 636 2214 quorum
654 2133 687 2194 ct
704 2149 782 2196 usus
800 2130 834 2192 et
854 2129 1024 2193 delectatio
1047 2132 1097 2194 est
1115 2151 1181 2196 om·

223 2217 321 2284 nibus
340 2217 479 2285 istorum
502 2220 535 2282 et
557 2218 638 2282 actis
655 2219 689 2281 et
706 2217 927 2301 voluptatibus
946 2219 1181 2301 anteponenda.

221 2310 371 2388 Equidem
403 2306 465 2372 hos
495 2309 570 2370 tuos
594 2303 850 2370 Tusculanenses
883 2305 949 2370 dies
976 2307 1081 2372 instar
1112 2329 1181 2372 esse

224 2392 310 2458 vitae
337 2397 431 2478 puto,
456 2393 657 2478 libenterque
685 2393 835 2464 omnibus
862 2414 974 2460 omnes
1001 2416 1079 2478 opes
1107 2417 1181 2460 con-

225 2482 388 2564 cesserim,
414 2484 452 2546 ut
473 2481 554 2546 mihi
580 2481 677 2544 liceat
698 2480 731 2546 vi
752 2481 845 2546 nulla
868 2479 1095 2566 interpellante
1118 2484 1181 2550 isto

189 2569 320 2642 smodo
343 2570 463 2634 viveret
485 2569 573 2654 quod
595 2591 656 2637 nos
675 2590 802 2653 quoque
819 2569 993 2656 imitamur,
1015 2575 1053 2637 ut
1069 2593 1182 2655 possu-

225 2679 311 2743 mus,
340 2661 374 2722 et
399 2658 435 2725 in
461 2657 582 2723 nostris
610 2657 723 2725 studiis
750 2657 962 2724 libentissime
985 2661 1181 2744 conquiesci-

226 2767 312 2828 mus3
339 2746 411 2830 quis
438 2747 524 2813 enim
544 2746 614 2812 boc
640 2768 709 2812 non
731 2746 854 2815 dederit
876 2748 984 2832 nobie,
1006 2751 1056 2832 ut,
1084 2771 1182 2833 quum

226 2856 325 2987 Ἕω
351 2835 1182 2991 ¹1⁰tribulemtdbttttttlt

225 2945 452 3098 beselldltssse
475 3033 544 3078 non
565 3017 666 3098 recte,
688 2946 876 3078 sbdqtamen
898 3013 1114 3120 multiftiam
1135 3014 1183 3078 rei

298 3204 349 3276 Ep.
370 3211 395 3274 6,
409 3211 434 3263 3.
470 3205 587 3271 mulum,
605 3205 719 3260 alterim
737 3203 812 3274 (W).
847 3205 951 3260 malam
968 3206 1015 3262 ult.
1034 3205 1129 3276 vulgo.
1149 3235 1182 3246 -

220 3279 320 3340 ¹otiosis
330 3275 444 3348 (vulgo).
482 3277 575 3330 otiosis
587 3277 613 3330 ei
620 3275 657 3330 M.
695 3276 853 3330 otiosissimi
866 3275 925 3329 Pal.
937 3282 952 3330 6
967 3277 997 3330 et
1009 3275 1141 3346 Hittorp,
1152 3276 1183 3330 Β.

225 3353 251 3402 4.
278 3349 445 3415 Mammida
464 3348 537 3418 quod
555 3346 663 3414 (MW.).
682 3347 821 3413 duxerim,
840 3351 898 3400 tom
916 3347 988 3416 quod
1006 3347 1072 3414 (vel,
1090 3347 1123 3401 ut
1140 3345 1185 3413 V,

226 3419 305 3485 daci,
318 3423 377 3472 tum
390 3421 425 3488 q.)
446 3457 505 3472 ....
525 3417 722 3486 componendo.
759 3416 896 3486 Equidem
910 3419 960 3470 aut
974 3418 1109 3483 duxerim,
1127 3423 1185 3471 tom

225 3505 302 3544 acac
318 3490 477 3556 mammosa,
495 3489 568 3557 quod
582 3529 588 3541 .
600 3528 606 3541 .
618 3529 641 3541 ..
657 3492 747 3556 caten
775 3487 912 3556 Equidem
926 3487 1012 3556 (W.)?
1048 3489 1185 3555 amaia,

225 3576 251 3628 q.
332 3560 531 3628 ammonaria,
552 3559 673 3629 equidem
692 3558 723 3612 B.
