2636 3986
235 224 302 288 470
518 225 555 279 Μ.
575 223 699 280 TULLII
713 223 909 282 ‚CICERONIS

235 371 364 434 tontum
386 372 419 432 et
440 369 539 434 talem
562 368 794 452 calamitosum,
817 369 958 454 aliquem
980 369 1120 435 afferant
1142 392 1196 435 cu·

235 458 359 524 mulum
381 479 471 522 meae
493 457 633 538 litterae,
660 479 724 541 quo
752 457 926 524 studiosius
950 479 1036 542 eum,
1063 459 1197 542 quibus-

201 558 217 606 ι
236 568 371 631 cumque
394 547 489 610 rebus
507 546 622 630 possis,
639 545 738 612 iuves.
774 544 868 621 Quod
887 546 915 614 si
928 544 1051 611 Romae
1069 546 1197 629 fuisses,

235 635 334 700 etiam
357 634 493 699 salutem
515 633 554 698 Α
578 631 734 699 Caecinae
757 656 908 718 essemus,
930 637 968 698 ut
990 635 1100 718 opinio
1122 657 1198 700 mee

235 723 307 807 fert,
329 742 387 807 per
409 725 442 788 te
465 722 636 806 consecuti,
660 723 698 786 de
722 745 786 807 que
802 725 914 788 tamen
931 743 1086 808 magnam
1104 745 1198 807 spem

235 811 405 892 habemns,
431 810 507 876 freti
529 810 699 875 clementie
721 812 862 896 collegae
889 811 952 876 tui:
984 833 1085 895 nunc,
1116 833 1196 896 quo-

235 900 325 964 niam
352 903 442 964 tuam
470 898 627 964 iustitiam
655 903 781 964 secutus
808 899 1008 964 tutissimum
1035 899 1099 965 sibi
1120 921 1195 983 por·
1288 901 1289 906 ’

236 990 307 1052 tum
324 987 522 1072 provinciam
539 988 636 1052 istam
654 987 747 1052 duxit
764 1009 841 1071 esse,
864 988 962 1052 etiem
981 991 1078 1073 atque
1097 988 1197 1052 etiam

236 1086 269 1140 te
292 1096 372 1161 rogo
401 1079 497 1161 atque
525 1097 594 1158 oro,
621 1079 658 1141 ιιι
685 1097 758 1141 eum
785 1079 818 1142 et
843 1075 879 1140 in
904 1076 1048 1160 reliquiis
1075 1077 1195 1141 veteris

237 1164 466 1249 negotiationis
485 1164 672 1251 colligendis
695 1165 784 1230 iuves
807 1169 840 1229 et
857 1164 970 1229 ceteris
988 1165 1085 1229 rebus
1102 1163 1198 1250 tegas'

237 1257 333 1338 atque
356 1256 480 1318 tueare:
502 1252 565 1318 hoc
587 1253 667 1318 mihi
689 1254 812 1337 gratius
834 1252 939 1317 fecere
962 1253 1044 1317 nihil
1065 1255 1167 1336 potes.

647 1429 779 1494 LXVII.

517 1532 573 1587 Ser.
593 1531 698 1586 Romae
717 1549 741 1586 a.
761 1551 788 1587 ιι.
807 1549 830 1587 c.
851 1538 909 1586 708.

379 1647 417 1702 M.
436 1645 615 1702 clennoe.
635 1646 802 1702 SERVILIO
821 1644 953 1704 PROPR.
972 1641 1052 1702 SAL.

205 1759 219 1808 1
306 1745 357 1812 Ex
378 1747 544 1832 provincie
565 1768 638 1812 mea
656 1743 827 1830 Ciliciensi,
850 1746 901 1810 eui
924 1745 987 1811 seis
1004 1757 1092 1830 τρεῖς
1112 1747 1195 1812 διοι-

239 1860 260 1901 κ
261 1831 351 1922 ήσεις
372 1835 532 1901 Asiaticas
556 1836 728 1902 attributes
755 1835 869 1917 fuisse,
895 1835 985 1900 nullo
1009 1835 1183 1900 sumfano·

241 1925 350 1991 lierius
372 1947 450 1990 usus
473 1946 571 2010 quam
588 1923 751 2007 Androne,
774 1922 959 1988 Artemonis
982 1923 1057 2008 filio,
1080 1921 1196 1988 Laodi·
1287 1969 1288 1974 .

240 2015 336 2098 censi,
359 2035 494 2099 eumque
516 2013 648 2078 habui
638 2035 673 2077 m
695 2033 734 2076 ea
756 2011 885 2076 civitate
905 2033 1005 2096 quum
1025 2011 1196 2095 hospitem,

239 2107 309 2168 tom
336 2103 541 2168 vehementer
568 2101 609 2165 ad
639 2122 729 2166 meae
760 2101 845 2165 vitae
876 2099 1036 2165 rationem
1063 2103 1096 2164 et
1122 2121 1196 2164 con·

241 2191 441 2259 suetudinem
473 2188 761 2271 accommodatum,
798 2210 893 2273 quem
929 2187 1058 2274 quidem
1094 2189 1196 2253 multo

240 2281 339 2345 etiem
356 2280 466 2364 pluris,
483 2281 695 2364 posteaquam
713 2277 842 2360 decessi,
859 2276 964 2341 fecere
987 2276 1088 2360 coepi,
1111 2275 1197 2362 quod

240 2369 350 2434 multis
368 2369 463 2434 rebus
481 2369 630 2450 expertus
648 2387 720 2430 sum
743 2368 872 2450 gratum
888 2364 1053 2430 hominem
1071 2365 1197 2448 meique

240 2477 424 2522 memorem
477 2453 591 2539 Itaque
617 2475 691 2518 eum
717 2453 840 2518 Romae
871 2452 1085 2518 libentissime
1116 2452 1197 2535 vidi3

241 2566 309 2610 non
330 2547 363 2607 te
390 2543 476 2608 enim
502 2542 599 2628 fugit,
625 2542 682 2625 qui
707 2541 891 2626 plurimis
880 2563 916 2606 ιιι
942 2541 1007 2605 ista
1031 2541 1199 2625 pronncia

206 2644 223 2694 2
241 2632 381 2717 benigne
398 2630 512 2713 fecisti,
531 2652 627 2715 quam
645 2630 740 2694 multi
758 2629 844 2716 grati
861 2627 1071 2713 reperiantur.
1107 2627 1198 2694 Heec

241 2724 412 2806 propterea
434 2718 556 2804 scripsi,
578 2721 615 2784 ut
637 2722 670 2782 et
687 2739 739 2782 me
757 2739 824 2784 non
842 2718 911 2782 sine
934 2737 1031 2782 causa
1050 2718 1197 2784 laborare

241 2809 438 2894 intelligeres
470 2806 610 2872 etto
599 2827 670 2909 rpse
702 2827 775 2871 eum
806 2805 941 2892 dignum
970 2805 1140 2908 hospitio
1140 2809 1197 2871 tuo

241 2898 408 2963 iudicares.
456 2895 619 2962 Feceris
609 2895 671 2980 1git
671 2917 710 2960 ur
656 2893 816 2960 tmihi
847 2893 1081 2979 gratissimum,
1114 2894 1142 2959 si
1167 2893 1199 2957 si

243 2984 422 3067 declararis,
445 2984 558 3067 quanti
575 3004 627 3049 me
645 2983 754 3068 facias,
776 2983 809 3046 id
828 2985 885 3066 est,
904 2982 932 3048 si
949 2982 1106 3066 receperis
1125 3003 1198 3046 eum

242 3075 278 3139 in
299 3074 394 3139 fidem
416 3075 507 3136 tuem
530 3075 562 3136 et
565 3071 854 3174 ,quibuscumque
876 3032 976 3136 iebus
998 3069 1134 3136 honeste
1160 3091 1199 3134 ac

243 3163 312 3229 sine
339 3160 489 3226 molestia
514 3162 571 3224 tua
592 3158 727 3243 poteris,
751 3157 923 3224 adiuveris:
951 3158 1013 3223 hoo
1035 3158 1115 3224 mihi
1138 3157 1199 3222 erit

242 3252 446 3317 vehementer
468 3251 605 3335 gratum,
626 3247 722 3332 idque
744 3250 781 3311 ut
766 3247 902 3311 tfacias
925 3249 957 3312 te
981 3246 1079 3312 etiem
1102 3250 1198 3332 atque

244 3339 341 3403 etiam
363 3359 451 3424 rogo.

313 3493 366 3562 Ep
390 3499 476 3561 os,1.
513 3492 701 3548 calamitosam
723 3490 760 3544 M.
762 3489 882 3559 uulgo
932 3489 1009 3560 [cot]
1035 3489 1196 3559 Kleyn,B.

244 3562 295 3631 Ep.
315 3568 397 3629 67,1.
425 3534 615 3618 Laodieemse'
659 3559 745 3627 (W.)?
