2578 3978
565 913 676 971 LIBER
699 911 894 970 SECUNDUS.
1274 905 1278 950 l

345 1039 412 1108 au
440 1039 475 1109 o.
502 1040 766 1108 ounronnu
793 1040 855 1106 nr
883 1035 1117 1108 ouranos.

1277 1345 1278 1400 l

717 1219 743 1284 Ι.

531 1339 588 1394 Sor.
611 1340 717 1394 Romae
737 1355 761 1393 a.
780 1356 807 1394 u.
827 1355 849 1393 o.
870 1344 929 1394 ⁷01.

476 1480 514 1535 M.
534 1479 662 1535 CICERO
682 1480 708 1536 S.
727 1481 760 1534 D.
781 1479 810 1535 0.
830 1479 987 1534 CURIONI.

182 1595 186 1604 ‘
219 1602 233 1652 1
319 1587 521 1672 Quamquam
543 1611 594 1653 me
621 1589 839 1674 negligentiae
865 1589 997 1652 nomina
1025 1591 1214 1672 suspectum

251 1677 313 1741 tibi
336 1699 404 1742 esse
428 1678 530 1762 doleo,
552 1681 662 1741 tamen
684 1699 752 1742 non
768 1681 837 1742 tam
855 1677 936 1742 mihi
953 1677 1124 1741 molestum
1150 1678 1214 1742 fuit

253 1766 396 1830 accusari
419 1766 476 1830 abs
496 1770 531 1829 te
550 1766 693 1830 officium
714 1788 830 1850 meum,
853 1787 951 1849 quam
967 1765 1148 1830 iucundum
1165 1789 1214 1831 re-

253 1855 346 1937 quiri,
367 1854 555 1938 praesertim
574 1876 682 1938 quum,
698 1854 735 1917 in
753 1875 816 1938 quo
836 1853 1019 1938 accusabar,
1042 1855 1140 1938 culpa
1159 1878 1212 1920 va·

253 1963 368 2025 cerem,
384 1942 420 2006 in
439 1964 502 2025 quo
521 1945 629 2006 autem
647 1943 826 2007 desiderare
844 1944 877 2005 te
896 1942 1102 2026 significabas
1121 1965 1211 2008 meas

251 2030 386 2115 litteras,
408 2053 485 2115 prae
503 2034 536 2095 te
554 2031 654 2095 ferres
672 2033 877 2116 perspectum
893 2030 974 2094 mihi
992 2031 1132 2114 quidem,
1156 2033 1211 2096 sed

251 2123 362 2184 tamen
384 2120 509 2184 dulcem
532 2122 564 2184 et
583 2123 730 2204 optatum
752 2141 894 2184 amorem
911 2121 1013 2183 tuum.
1049 2117 1211 2202 Equidem
1277 2117 1278 2156 l

251 2209 414 2284 neminem
436 2209 650 2292 praetermisi,
678 2230 773 2291 quem
800 2207 929 2290 quidem
952 2207 993 2270 ad
1019 2210 1051 2271 te
1075 2229 1210 2290 perven-

251 2299 361 2360 turum
387 2299 549 2379 putarem,
576 2295 628 2358 cui
653 2295 779 2359 litteras
809 2316 877 2359 non
904 2295 1061 2378 dederim,
1088 2297 1211 2361 etenim

253 2384 323 2467 quis
347 2386 396 2447 est
418 2385 486 2446 tam
507 2384 543 2447 a'a
566 2382 734 2449 scribendo
757 2383 895 2468 impiger
913 2406 1010 2467 quam
1033 2383 1117 2468 ego?
1141 2407 1162 2449 a
1177 2389 1209 2449 te

251 2493 328 2536 vero
355 2470 405 2535 bis
431 2473 520 2535 terve
552 2492 712 2535 summum
739 2474 773 2536 et
803 2493 857 2535 eas
889 2471 1059 2554 perbreves
1090 2474 1210 2556 accepi.

252 2558 370 2643 Quare,
406 2559 434 2623 si
465 2559 594 2644 iniquus
629 2581 662 2624 es
693 2560 729 2624 in
760 2581 811 2625 me
841 2559 950 2644 iudex,
986 2561 1209 2625 condemnabo

251 2648 364 2712 eodem
387 2669 447 2733 ego
470 2651 503 2713 te
526 2647 672 2731 erimine,
699 2648 751 2713 sin
777 2668 829 2712 me
855 2647 889 2710 id
915 2647 1022 2712 faeere
1044 2649 1149 2733 noles,
1176 2653 1209 2712 te

251 2735 331 2800 mihi
363 2757 502 2820 aequum
536 2737 690 2820 praebere
722 2735 861 2800 debebis.
916 2733 979 2800 Sed
1015 2737 1054 2800 de
1090 2737 1209 2801 litteris

250 2823 421 2908 hactenus,
447 2846 515 2889 non
542 2824 628 2890 enim
659 2846 784 2908 vereor,
814 2844 856 2887 ne
883 2844 951 2888 non
978 2825 1148 2890 scribendo
1176 2829 1208 2888 te

251 2914 405 2997 expleam,
427 2913 616 2996 praesertim
639 2913 667 2977 si
688 2913 724 2976 in
746 2934 784 2977 eo
803 2932 921 2997 genere
939 2913 1083 2978 studium
1100 2935 1209 2978 meum

216 3021 318 3071 anon
345 3001 566 3086 aspernabere.
611 2999 683 3086 Ego
710 3004 744 3064 te
774 2999 892 3065 afuisse
919 3001 1042 3066 tamdiu
1071 3001 1208 3066 anobis

251 3094 284 3155 et
306 3091 404 3175 dolui,
426 3089 513 3174 quod
535 3089 623 3154 carui
645 3090 754 3153 fruotu
771 3087 1019 3153 iucundissimae
1038 3093 1207 3154 consuetu-

250 3179 348 3262 dinis,
371 3182 404 3244 et
426 3179 542 3262 laetor,
570 3177 655 3261 quod
683 3178 799 3242 absens
830 3177 938 3241 omnia
965 3199 1039 3241 eum
1068 3179 1209 3242 maxima

250 3265 409 3353 dignitate
437 3289 471 3332 es
500 3268 690 3331 consecutus
718 3265 866 3348 quodque
892 3265 927 3329 in
960 3265 1110 3330 omnibus
1141 3265 1207 3330 tuis

249 3356 345 3422 rebus
372 3356 451 3422 meis
484 3353 603 3439 optatis
630 3353 763 3418 fortuna
789 3353 964 3436 respondit.
1013 3353 1115 3418 Breve
1150 3357 1208 3436 est,

320 3546 371 3618 Ep.
394 3554 458 3620 1,1.
493 3545 591 3616 aepliy.
610 3544 718 3600 nomiae
736 3544 811 3612 (Ν).
847 3559 918 3598 nom.
932 3544 1001 3614 περὶ
1020 3543 1085 3599 ΜΒ.
