2676 3984
244 215 309 280 268
527 212 564 267 Μ.
581 209 705 267 TULLII
725 209 917 266 CICERONIS

244 372 310 426 sire
338 379 407 424 non
432 357 671 443 probabuntur,
698 355 740 420 ab
768 354 890 439 optimo
914 357 999 422 certe
1027 353 1136 419 animo
1164 375 1203 420 ac

244 447 441 515 deditissimo
464 446 525 512 tibi
552 449 586 510 ct
608 444 751 530 cogitata
778 446 811 509 et
834 443 954 528 scripte
981 463 1050 510 esse
1072 442 1204 508 iudices.

209 535 484 603 animadvertis
507 533 566 600 On.
594 532 784 618 Pompeium
810 553 871 597 neo
897 532 1039 599 nominis
1066 531 1116 598 sui
1142 553 1202 600 nec

244 626 540 710 rerumgestarum
562 621 667 708 gloria
693 642 797 705 neque
819 621 918 688 etiam
944 641 1059 706 regum
1087 641 1124 684 ac
1146 641 1203 686 na·
1329 653 1330 658 κ

244 714 371 780 tionum
403 712 573 797 clientelis,
612 731 692 795 quas
725 711 888 778 ostentare
920 708 1032 775 crebro
1070 708 1205 794 solebat,

245 823 314 867 esse
337 804 454 885 tutum,
476 803 510 865 et
531 801 594 867 hoo
617 800 724 881 etiem,
746 797 833 882 quod
854 797 966 866 infimo
989 797 1104 882 cuique
1127 817 1202 865 con-
1329 823 1330 826 ¹

244 890 359 976 tingit,
389 889 437 954 illi
465 910 534 954 non
556 909 652 974 posse
675 887 877 971 contingere,
902 889 941 951 ut
965 886 1102 954 honeste
1125 885 1203 952 cffu-

245 999 320 1064 gere
343 978 460 1062 possit,
487 976 581 1063 pulso
608 976 718 1062 Italia,
745 975 871 1040 amissis
900 973 1078 1059 Hispaniis,
1106 979 1203 1058 capto
1329 967 1330 1058 l

244 1067 385 1134 exercitu
403 1069 566 1151 veterano,
582 1065 824 1130 circumvallato
842 1085 930 1130 nunc
946 1064 1095 1148 deniqne,
1116 1062 1203 1147 quod

243 1156 353 1221 nescio
381 1177 424 1220 nn
450 1157 533 1225 nulli
563 1176 718 1238 umquam
745 1156 861 1219 ¹nostro
888 1152 1040 1218 occiderit
1065 1151 1203 1236 impera·
1329 1173 1330 1230 3

243 1245 317 1310 tori.
361 1243 593 1328 Quamobrem,
615 1243 692 1327 quid
715 1245 772 1308 aut
793 1242 848 1308 ille
871 1262 999 1326 sperare
1019 1241 1125 1325 possit
1146 1244 1205 1306 aut

186 1325 193 1336 '
244 1335 295 1415 tu,
326 1333 470 1399 animum
500 1332 630 1398 adverte
656 1353 717 1415 pro
747 1334 806 1394 tua
831 1330 1016 1414 prudentia3
1048 1331 1094 1396 sic
1117 1330 1203 1397 enim

244 1419 406 1504 facillime,
429 1420 516 1504 quod
537 1420 599 1486 tibi
620 1420 828 1490 utilissimum
850 1419 912 1487 erit
929 1418 1064 1501 consilii,
1087 1419 1203 1502 capies.

140 1591 145 1595 Π
244 1505 330 1574 Illud
348 1511 461 1588 ¹autem
483 1529 506 1572 c
526 1509 663 1592 tapeto,
684 1512 730 1593 ut,
752 1507 864 1572 eiiam
881 1507 936 1572 ille
955 1507 1123 1574 evitaverit
1140 1507 1202 1572 hoc
1329 1517 1330 1566 ὲ

204 1599 214 1611 ‘
243 1596 423 1681 periculum
446 1599 479 1662 et
500 1619 535 1664 se
558 1596 717 1665 abdiderit
738 1596 774 1660 in
794 1596 938 1680 classem,
959 1599 997 1662 tu
1018 1596 1084 1662 tuis
1106 1595 1204 1664 rebus

245 1686 396 1750 consulas
424 1688 457 1754 et
483 1685 657 1770 aliquando
684 1685 745 1750 tibi
772 1685 880 1769 potius
907 1706 1006 1768 quam
1034 1684 1135 1748 cuivis
1158 1684 1203 1748 eis
1329 1693 1330 1764 ᾖ

246 1773 380 1838 amicus:
413 1773 615 1839 satisfactum
647 1776 697 1837 ert
726 1773 793 1837 iam
824 1776 898 1838 ate
930 1774 981 1838 vel
1012 1772 1120 1838 officio
1151 1773 1203 1838 rel
1328 1835 1330 1868 4

244 1860 472 1944 familiaritati,
504 1862 706 1928 satisfactum
737 1861 835 1926 etiam
865 1861 1012 1945 partibus
1040 1865 1073 1924 et
1100 1861 1129 1924 ei
1156 1861 1203 1925 rei

209 1950 403 2035 spublicae,
425 1973 523 2034 quem
544 1954 581 2016 tu
599 1950 770 2035 probabas,
805 1949 979 2032 Reliquum
1001 1952 1059 2032 est,
1080 1954 1124 2028 ut,
1146 1949 1203 2014 ubi

245 2059 333 2103 nunc
356 2042 406 2109 cst
427 2060 478 2105 res
500 2039 639 2124 publica,
661 2039 708 2105 ibi
729 2039 830 2104 simus
852 2038 971 2123 potius,
993 2059 1103 2123 quam,
1126 2036 1204 2102 dum

244 2126 336 2191 illam
365 2131 507 2193 veterem
539 2149 724 2213 sequamur,
755 2127 855 2192 simus
886 2127 922 2190 in
953 2127 1052 2191 nulla.
1097 2125 1204 2201 Quare

246 2215 356 2300 velim,
386 2217 432 2280 mi
453 2215 686 2280 iucundissime
712 2211 837 2298 Cicero,
869 2215 897 2278 si
922 2214 1007 2280 forte
1029 2214 1203 2299 Pompeius

245 2304 358 2386 pulsus
380 2303 432 2368 his
450 2325 577 2388 quoque
595 2304 675 2368 locis
694 2325 806 2368 rursus
824 2302 904 2367 elice
922 2303 1071 2388 regiones
1093 2307 1203 2388 petere

246 2395 392 2476 cogatur,
413 2395 451 2456 ut
471 2394 509 2456 tu
531 2395 565 2456 te
586 2391 638 2456 vel
654 2390 803 2456 Athenas
825 2392 876 2456 vel
898 2392 934 2456 in
951 2392 1098 2475 quamvis
1116 2392 1204 2476 quie-

245 2480 315 2544 tern
337 2479 473 2563 recipias
495 2478 672 2562 civitatem3
695 2480 781 2562 quod
805 2480 832 2544 si
851 2480 912 2544 eris
930 2481 1085 2563 facturus,
1106 2480 1204 2545 velim

246 2565 327 2630 mihi
354 2567 489 2651 scribas,
519 2571 558 2633 ut
583 2571 659 2653 ego,
691 2568 719 2632 si
746 2567 933 2633 ullomodo
956 2572 1083 2653 potero,
1106 2568 1204 2634 adte

246 2654 403 2721 advolem.
448 2655 673 2740 Quaecumque
700 2655 740 2720 de
765 2659 825 2720 tue
851 2656 1008 2742 dignitate
1033 2657 1077 2720 ab
1104 2657 1205 2741 impe
1311 2676 1314 2682 ·

246 2745 354 2810 ratore
376 2748 473 2810 erunt
493 2744 711 2830 impetranda,
736 2766 802 2829 qua
828 2747 878 2809 est
899 2745 1102 2811 humanitate
1124 2743 1205 2810 an-

247 2852 313 2917 car,
339 2832 530 2899 facillimum
557 2835 618 2898 erit
645 2834 687 2898 ab
715 2855 753 2899 eo
779 2833 931 2918 tibiipsi
958 2835 1141 2918 impetrare,
1169 2839 1206 2898 et

246 2941 336 2985 meas
357 2925 468 2987 tamen
489 2943 601 3006 preces
623 2922 710 3007 apud
728 2944 802 2986 eum
819 2943 887 2987 non
904 2923 1074 2988 minimum
1094 2925 1204 2988 aucto·

245 3009 352 3074 ritetie
383 3010 551 3076 habituras
582 3015 671 3095 puto.
715 3010 789 3076 Erit
814 3015 890 3075 tuae
918 3033 1045 3095 quoquo
1073 3011 1149 3077 fidei
1171 3017 1206 3077 et

245 3097 458 3164 humanitatis
486 3120 611 3184 curare,
637 3103 675 3164 ut
700 3099 729 3164 is
751 3099 951 3184 tabellarius,
980 3121 1076 3185 quem
1102 3101 1144 3165 ad
1169 3105 1205 3166 te

245 3207 333 3270 mma,
364 3188 482 3253 reverti
512 3188 617 3272 possit
647 3187 690 3252 ad
720 3209 772 3256 me
803 3191 838 3253 et
863 3210 884 3253 a
909 3192 943 3253 te
971 3187 1052 3254 mihi
1078 3189 1205 3256 litteras
1329 3225 1330 3236 κ

244 3275 373 3340 referat.

315 3467 367 3538 up.
387 3475 412 3536 s,
427 3475 452 3522 a.
489 3469 625 3539 auresue
644 3469 718 3539 (wi.
757 3427 871 3542 erutuet
888 3469 934 3540 M„
953 3469 1047 3540 vugo.
