2676 3984
440 248 699 305 asrsuomauu
717 250 764 304 ur.
783 256 861 305 4-e.
1062 251 1130 322 263

169 391 266 458 modo
290 413 324 456 se
346 413 398 458 res
420 392 528 477 babet,
550 394 654 480 magis
671 394 745 460 illos
764 416 884 479 vereor,
907 395 963 481 qui
984 395 1020 460 in
1041 396 1127 463 bello

169 480 366 565 occiderunt,
384 502 481 566 quam
497 482 559 548 hos
578 504 664 567 curo,
683 484 798 568 quibus
816 505 885 549 non
903 483 1128 569 satisfacimus,

170 569 247 653 quia
273 569 419 635 vivimus.
464 569 546 635 Mihi
573 571 600 636 si
628 572 769 657 spatium
790 572 889 637 fuerit
917 573 953 636 in
976 571 1163 639 Tuscula-8

170 679 250 721 num
268 661 344 722 ante
361 656 475 724 Nonas
493 659 651 745 veniendi,
668 661 742 726 istic
759 664 792 726 te
811 660 941 745 videb03
964 661 992 725 si
1012 661 1129 745 minus,

170 767 345 831 persequar
361 747 397 810 in
415 744 596 813 Cumanum
614 753 647 814 et
666 753 741 815 ante
759 754 792 815 te
811 749 980 819 certiorem
999 749 1129 835 faciam,

170 836 208 898 ut
230 835 350 901 lavatio
373 839 489 921 parata
512 837 562 902 sit.

616 1063 674 1132 VI.

349 1193 406 1252 scr.
421 1195 526 1250 Romae
544 1211 639 1250 mense
658 1194 738 1250 Iunio
753 1211 777 1249 a.
797 1213 822 1250 u.
842 1211 865 1251 c.
885 1201 946 1254 ¹108.

485 1335 618 1393 CICERO·
632 1336 808 1392 VARRONI.

238 1451 394 1520 Caninius
425 1459 536 1521 noster
566 1477 617 1520 me
649 1455 714 1519 tuis
742 1454 848 1521 verbis
879 1453 1060 1538 admonuit,
1090 1457 1162 1524 utl

171 1543 353 1608 scriberem*
372 1543 413 1608 ad
440 1548 487 1629 te,
519 1545 546 1609 si
568 1544 646 1629 quid
673 1547 770 1628 esset,
801 1542 888 1628 quod
918 1547 1068 1629 putarem
1094 1546 1128 1608 te

172 1631 252 1697 scire
280 1635 437 1716 oportere.
486 1631 549 1698 Est
578 1633 679 1719 igitur
706 1634 862 1699 adventus
890 1630 1037 1699 Caesaris
1069 1632 1128 1698 sci-

170 1719 247 1784 licet
273 1721 305 1784 in
334 1722 588 1806 exspectatione,
618 1743 723 1805 neque
750 1725 787 1786 tu
813 1721 847 1786 id
873 1722 1015 1807 ignoras.
1065 1719 1127 1786 Sed

170 1810 295 1893 tamen,
322 1831 421 1892 quum
443 1809 498 1874 ille
521 1809 713 1894 scripsisset,
740 1813 778 1874 ut
800 1810 929 1895 opinor,
957 1815 996 1875 se'
1013 1809 1049 1872 in
1071 1807 1128 1872 Al·

171 1897 276 1963 siense
307 1902 493 1984 venturum,
524 1899 723 1982 scripserunt
754 1896 794 1962 ad
821 1919 895 1962 eum
927 1897 990 1981 sui,
1021 1917 1063 1960 ne
1093 1897 1127 1962 id

170 1985 307 2071 laceret3
329 1988 448 2053 multos
471 1987 502 2052 ei
523 1987 677 2052 molestos
694 1986 765 2052 fore
783 1985 986 2070 impsumque
1004 1983 1128 2068 multis,

170 2071 281 2138 Ostiae
308 2075 410 2140 rideri
437 2075 636 2141 commodius
662 2096 736 2140 eum
764 2075 849 2138 exire
875 2094 982 2158 posse:
1009 2071 1043 2136 id
1066 2093 1127 2157 ego

170 2183 239 2227 non
256 2163 478 2249 intelligebam
497 2164 575 2248 quid
592 2164 777 2246 interesset,
800 2160 856 2227 sed
873 2165 984 2226 tamen
1001 2159 1127 2226 Hirtius

171 2250 251 2315 mihi
283 2252 363 2317 dixit
394 2255 428 2318 et
459 2273 493 2317 se
525 2252 567 2316 ad
594 2274 668 2317 eum
699 2254 733 2315 et
758 2250 899 2320 Balbum
928 2253 961 2314 et
987 2247 1128 2334 Oppium

171 2338 345 2425 scripsisse,
362 2343 400 2406 ut
417 2341 465 2406 ita
481 2340 611 2424 faceret,
623 2339 780 2424 homines,
798 2342 835 2404 ut
852 2338 1001 2424 cognovi,
1019 2359 1128 2402 aman·

171 2431 221 2492 tes
243 2428 300 2492 tui.
344 2428 416 2495 Hoc
440 2449 501 2516 ego
523 2429 641 2494 idcireo
664 2450 760 2494 nosse
782 2431 815 2492 te
838 2428 939 2513 volui,
961 2430 1000 2493 ut
1021 2427 1128 2511 scires,
1146 2443 1163 2494 2

170 2515 348 2601 hospitium
369 2517 432 2582 tibi
453 2518 509 2582 ubi
531 2539 672 2602 parares,
693 2518 745 2582 vel
768 2516 876 2601 potius
898 2521 935 2581 at
955 2515 1128 2599 utrubique

171 2640 214 2651 —
238 2605 314 2688 quid
338 2606 424 2671 enim
445 2607 499 2671 ille
522 2606 666 2672 facturus
689 2605 741 2690 sit,
762 2606 922 2670 incertum
944 2607 994 2668 est
1016 2639 1073 2688 -,
1095 2606 1129 2668 et

171 2692 268 2758 simul
300 2694 461 2759 ostentavi
492 2694 553 2759 tibi
573 2716 635 2762 ,me
666 2694 737 2758 istis
770 2714 840 2758 esse
870 2692 1063 2756 familiarem
1095 2693 1128 2755 et

170 2782 315 2847 consiliis
346 2804 458 2848 eorum
488 2782 653 2847 iuteresse.
706 2779 800 2858 Quod
835 2800 896 2865 ego
929 2799 987 2844 cur
1017 2779 1128 2860 nolim,

170 2869 253 2934 nihil
275 2870 382 2956 rideo,
404 2891 473 2937 non
491 2871 578 2935 enim
595 2873 646 2936 est
662 2869 749 2933 idem
765 2869 860 2952 ferre,
882 2867 910 2931 si
929 2866 1005 2952 quid
1023 2867 1127 2932 feren-

171 2957 248 3022 dum
271 2962 333 3043 est,
356 2962 389 3025 et
410 2959 561 3045 probare,
588 2959 616 3024 si
643 2956 720 3042 quid
743 2979 810 3023 non
838 2954 1043 3040 probandum
1066 2958 1128 3037 est3

170 3046 241 3130 etsi,
264 3047 350 3132 quid,
357 3069 427 3113 non
442 3048 587 3132 probem,
610 3045 758 3130 equidem
775 3045 841 3110 iam
859 3044 979 3127 nescio,
1000 3046 1129 3128 praeter

170 3134 265 3199 initia
286 3157 407 3219 rerum3
429 3157 507 3200 nam
529 3136 610 3201 haec
631 3135 668 3200 in
689 3135 855 3200 voluntate
877 3133 1019 3198 fuerunt
1051 3129 1128 3194 Vidi

170 3223 258 3288 enim
279 3259 323 3271 -
345 3244 423 3288 nam
444 3227 481 3289 tu
505 3224 618 3290 aberas
641 3258 684 3272 -
706 3226 836 3289 nostros
864 3220 984 3286 amicos
1011 3239 1128 3302 cupere

170 3310 304 3397 bellum,
335 3312 424 3377 hunc
455 3315 563 3377 autem
594 3333 662 3378 non
693 3315 762 3376 tam
792 3331 908 3396 cupere
941 3329 1038 3392 quam
1059 3327 1129 3372 nou

169 3399 340 3467 timere-
359 3421 437 3486 ergo
459 3401 540 3466 haec
562 3400 688 3466 consilii
710 3401 850 3481 fuerunt,
872 3397 996 3481 reliqua
1018 3415 1127 3460 neces·

170 3490 255 3554 saria
277 3525 334 3574 -,
357 3490 484 3555 vincere
511 3492 620 3554 autem
647 3491 704 3554 aut
729 3488 790 3553 hos
813 3490 870 3552 aut
896 3486 969 3550 illos
996 3504 1127 3548 necesse

170 3598 249 3643 esse.
285 3575 359 3644 Scio
376 3581 409 3642 te
430 3598 556 3663 semper
578 3598 703 3642 mecum
725 3577 761 3640 in
782 3577 872 3640 luctu
895 3574 1004 3656 fuisse,
1028 3591 1164 3657 quuma
