2644 3988
349 229 608 286 EPISTOLARUM
625 231 673 284 xr.
695 237 806 286 rr-ra
989 231 1054 296 363

95 373 269 460 profligato
301 375 371 458 illo,
407 377 441 438 te
470 373 630 442 liberato?
683 373 753 440 Nec
784 397 860 441 vero
897 375 1054 460 Lepidum

95 462 304 546 timebamus3
326 462 397 547 quis
416 463 503 529 enim
521 466 614 548 esset,
633 463 688 548 qui
706 464 797 529 illurn
810 466 879 529 tam
896 463 1055 530 furiosum

96 551 321 635 arbitraretur,
343 553 393 636 ut,
419 551 533 636 quiin
559 551 699 617 maximo
725 552 810 619 bello
833 573 946 636 pacem
972 553 1054 618 velle

96 661 132 704 se
156 639 297 723 dixisset,
318 640 346 704 is
368 640 404 704 in
427 641 629 724 optatissima
647 662 725 725 pace
743 640 864 705 bellum
886 641 933 706 rei
950 640 1054 724 publi·

97 749 154 792 cae
176 726 354 792 indiceret?
389 725 459 792 Nec
478 727 603 813 dubito,
626 729 705 813 quin
722 732 760 794 tu
779 729 852 814 plus
871 729 1054 813 provideam

97 815 155 880 sed
177 819 288 880 tamen
310 819 378 880 tam
400 817 522 881 recenti
544 818 775 902 gratulatione,
797 839 895 902 quam
916 821 973 883 tuo
996 832 1089 883 nos

97 905 186 968 mine
213 904 255 969 ad
282 905 391 969 omnia
417 904 551 970 deorum
572 906 694 991 templa
715 906 864 989 fecimus,
886 906 1054 972 renovatio

97 992 224 1057 timoris
246 1013 399 1078 magnam
422 994 604 1059 molestiam
627 994 789 1060 afferebat.
830 993 935 1070 Quare
956 995 1054 1059 velim

98 1079 256 1165 equidem,
273 1081 307 1145 id
326 1079 412 1165 quod
430 1102 534 1166 spero,
551 1086 589 1148 ut
606 1083 702 1167 plane
721 1083 864 1148 abiectus
883 1086 916 1146 ct
932 1082 1055 1147 fractus

99 1169 143 1233 sit
173 1167 351 1252 Antonius,
383 1170 434 1235 sin
465 1170 587 1254 aliquid
618 1171 735 1237 virium
764 1171 849 1236 forte
881 1170 1056 1256 collegerit,

99 1257 218 1321 sentiet
239 1279 299 1322 nec
322 1259 449 1324 senatui
475 1259 646 1325 consilium
672 1281 733 1326 nec
758 1259 879 1344 populo
906 1258 1054 1324 Romano

98 1344 252 1410 virtutem
270 1345 379 1412 deesse
392 1368 452 1412 nec
465 1347 512 1412 rei
525 1348 672 1432 publicae
685 1351 719 1414 te
732 1349 806 1415 vivo
819 1348 1055 1433 imperatorem.

98 1446 189 1497 xum
210 1433 284 1499 Kal.
305 1433 376 1499 Iun.

533 1631 622 1696 XIX.

247 1739 304 1796 Ser.
323 1741 458 1797 Vercellis
477 1741 537 1796 XII.
557 1743 618 1796 Kal.
637 1743 696 1797 Iun.
715 1758 740 1797 a.
760 1761 786 1798 u.
805 1759 829 1798 c.
849 1749 908 1798 ⁷11.

145 1860 179 1917 D.
198 1863 341 1920 BRUTUS
360 1865 432 1920 IMP.
452 1863 525 1920 GOS.
544 1864 660 1920 DESIG.
680 1865 707 1920 S.
725 1865 759 1921 D.
778 1865 815 1920 M.
835 1865 1011 1922 CICERONI.

167 1961 220 2026 Ad
243 1969 392 2030 senatum
413 1987 494 2051 quas
516 1965 641 2030 litteras
661 1965 743 2049 misi,
764 1965 861 2030 velim
878 1966 968 2050 prius
985 1980 1089 2048 per-1

101 2051 192 2135 legas
214 2055 256 2136 et,
278 2053 307 2118 si
329 2076 393 2139 qua
414 2054 476 2118 tibi
493 2052 695 2138 videbuntur,
718 2056 903 2118 commutes.
938 2050 1056 2118 Neces-

101 2139 187 2203 sario
214 2161 266 2205 me
294 2142 459 2226 scripsisse
480 2143 550 2226 ipse
573 2141 822 2225 animadvertes3
848 2161 1056 2226 numqaum

101 2229 250 2310 putarem
272 2233 422 2312 quartam
440 2233 473 2295 et
490 2228 643 2295 Martiam
659 2230 804 2316 legiones
826 2250 952 2294 mecum
969 2230 1056 2293 futu·

101 2336 164 2399 ras,
185 2319 223 2381 ut
239 2315 347 2383 Druso
364 2317 541 2404 Paulloque
559 2319 726 2405 placuerat
743 2318 835 2384 vobis
853 2317 1056 2384 assentienti·

101 2403 172 2487 bus,
190 2404 297 2470 minus
316 2406 355 2471 de
371 2407 503 2491 reliquis
521 2408 617 2473 rebus
634 2406 848 2473 laborandum
868 2406 1057 2490 existimavi,

101 2512 189 2557 nunc
212 2515 301 2579 uero,
329 2516 429 2580 quum
456 2495 517 2560 sim
545 2517 618 2560 cum
643 2496 805 2562 tironibus
832 2495 1058 2582 egentissimis,

101 2580 194 2645 valde
222 2586 255 2646 et
281 2603 386 2648 meam
413 2587 446 2649 et
474 2588 615 2650 vernam
640 2585 742 2651 ricem
768 2585 901 2650 timeam
927 2605 1057 2650 necesse

101 2671 160 2732 est.
209 2668 351 2737 Vicetini
377 2693 429 2737 me
456 2675 489 2737 et
515 2673 559 2738 M.
584 2672 723 2738 Brutum
749 2673 920 2758 praecipue
949 2673 1092 2739 obser-a

100 2759 194 2822 sant:
216 2757 268 2824 his
290 2780 332 2824 ne
355 2781 453 2845 quam
474 2762 598 2844 patiare
620 2761 770 2826 iniuriam
793 2761 863 2826 fieri
883 2761 920 2825 in
943 2765 1057 2828 senatu

100 2867 274 2912 vernarum
297 2869 407 2933 causa,
435 2871 455 2914 a
480 2852 513 2913 te
535 2852 621 2933 peto.
666 2847 804 2915 Causam
830 2848 954 2914 habent
975 2850 1058 2934 opti·

100 2955 201 3017 mam,
234 2935 376 3001 officinm
401 2938 437 3002 in
467 2959 536 3002 rem
562 2937 726 3021 publicam
752 2959 925 3021 summurn,
955 2957 1057 3024 genus

100 3020 271 3089 hominum
284 3024 539 3091 adversariorum
552 3025 741 3091 seditiosum
754 3029 787 3091 et
799 3026 1057 3092 incertissimum.

100 3123 165 3172 ΧΗ.
187 3109 259 3176 Kal.
282 3111 353 3179 Iun.
375 3113 539 3180 Vercellis.

171 3340 223 3412 Ep.
244 3345 289 3409 19,
309 3345 334 3394 2.
362 3341 398 3394 iis
411 3355 445 3394 nc
458 3356 483 3410 q.
498 3339 545 3409 (W
546 3339 582 3406 .)?
605 3339 815 3395 meminimus
829 3338 959 3407 (Graec).
977 3340 1059 3394 aare

99 3411 152 3480 M,
171 3411 267 3481 vulgo.
303 3411 354 3480 Ep.
374 3415 421 3478 20,
440 3415 464 3464 2.
