2636 3986
102 163 105 170 ’
229 199 296 264 454
511 199 548 252 u.
568 197 900 260 consummemus

229 344 316 410 rifice
330 343 567 427 liberaliterque
580 343 739 428 tracteris,
757 345 790 408 et
807 343 868 408 tibi
887 342 1090 428 gratissimos
1104 342 1189 426 opti‘

229 454 363 588 pesqpqiqe
378 432 597 498 adolescentes
616 432 798 498 adiunxeris
816 431 947 496 etmihi
965 431 1188 518 gratissimum

663 713 749 782 XLI.

523 826 580 883 Ser.
594 826 700 882 Romae
715 845 740 881 a.
754 845 780 881 u.
795 843 817 881 c.
832 832 893 883 695.

490 917 620 1036 cronno
640 949 829 1007 cocusouo
851 947 928 1007 snt.

197 1063 212 1114 1
297 1050 386 1128 Quae
417 1051 523 1117 fecisti
555 1052 591 1117 L
623 1051 751 1118 Lucceii
782 1073 892 1137 causa,
923 1051 1004 1118 scire
1030 1053 1064 1116 te
1090 1049 1188 1135 plane

231 1141 304 1207 volo
332 1145 365 1206 te
396 1141 522 1206 homini
549 1142 732 1227 gratissimo
761 1140 995 1226 commodasse,
1026 1143 1060 1205 et
1088 1161 1189 1224 quum

230 1229 306 1314 ipsi,
338 1251 420 1314 quae
451 1229 555 1294 fecist
531 1233 571 1315 t1,
601 1234 754 1315 pergrata
785 1233 874 1315 sunt,
905 1233 976 1294 tum
1006 1228 1188 1318 Pompeius,

232 1317 510 1419 quotiescumque
521 1340 572 1383 me
599 1318 752 1384 videt—
775 1319 863 1384 videt
885 1321 994 1383 autem
1017 1339 1113 1402 saepe
1133 1353 1188 1402 -,

231 1406 353 1491 gratias
375 1406 436 1470 tibi
459 1406 528 1490 agit
550 1408 743 1492 singularem
766 1407 849 1471 addo
871 1407 969 1471 etiam
990 1406 1080 1490 illud,
1102 1368 1188 1490 quod

230 1494 291 1558 tibi
317 1493 583 1558 iucundissimum
610 1516 679 1560 esse
709 1498 797 1558 certo
825 1495 905 1580 scio,
936 1516 988 1560 me
1014 1493 1121 1579 ipsum
1149 1517 1187 1558 ex

230 1585 289 1645 tue
315 1601 393 1667 erga
419 1581 592 1647 Lucceium
620 1583 822 1668 benignitate
848 1583 990 1647 maxima
1020 1583 1187 1667 voluptate

196 1669 325 1734 saffiei.
361 1669 454 1746 Quod
477 1673 633 1756 superesi,
654 1691 849 1755 quamquam
871 1671 952 1736 mihi
973 1693 1042 1736 non
1064 1674 1115 1736 est
1131 1671 1187 1735 du·

231 1759 333 1845 bium,
360 1759 451 1844 quin,
479 1781 578 1844 quum
605 1763 703 1824 antee
728 1763 842 1824 nostra
865 1780 974 1844 causa,
1005 1779 1094 1825 nunc
1121 1759 1187 1823 iem
1302 1807 1303 1842 ,

232 1848 330 1912 etiam
341 1850 418 1912 tuae
432 1847 634 1913 concientiae
653 1848 758 1933 gratia
776 1868 947 1912 mansurus
965 1845 1009 1912 sis
1026 1848 1062 1912 in
1076 1847 1188 1912 eadem

230 1936 294 2000 ista
324 1935 530 2021 liberalitate,
561 1939 672 2002 temen
703 1936 761 2001 abs
791 1939 825 2000 te
852 1935 1059 2001 vehementer
1090 1936 1188 2000 etism

232 2028 328 2109 atque
346 2026 444 2090 etiam
460 2029 546 2111 peto,
564 2029 602 2090 ut
619 2047 667 2110 ea,
688 2045 771 2109 quae
788 2025 882 2090 initio
902 2025 1082 2109 ostendisti,
1100 2024 1188 2089 dein-

232 2134 306 2197 ceps
327 2114 447 2198 fecisti,
478 2114 520 2179 ad
549 2113 671 2178 exitum
698 2114 810 2199 augeri
836 2116 870 2177 et
891 2114 1048 2178 cumulari
1074 2133 1133 2198 per
1153 2115 1188 2177 te

231 2203 323 2267 velis:
345 2203 379 2268 id
402 2206 436 2267 et
457 2202 594 2268 Lucceio
618 2206 652 2267 et
672 2199 827 2286 Pompeio
849 2200 942 2267 valde
966 2205 1096 2286 gratum
1117 2201 1188 2266 foro

230 2293 326 2374 teque
358 2291 443 2376 apud
475 2313 529 2356 eos
560 2291 724 2376 praeclare
755 2291 936 2375 positurum
968 2290 1122 2355 confirmo
1154 2293 1189 2354 et

231 2379 383 2463 spondeo
423 2377 473 2444 De
495 2401 530 2444 re
552 2379 682 2464 publice
705 2378 806 2462 deque
829 2378 880 2443 his
903 2379 1044 2463 negotiis
1066 2378 1188 2463 cogita

230 2467 437 2551 tionibusque
463 2467 584 2532 nostris
611 2467 861 2552 perscripseram
893 2466 934 2532 ad
959 2469 994 2531 te
1016 2467 1190 2552 diligenter

229 2555 341 2639 paucis
364 2558 439 2618 ente
467 2555 580 2620 diebus
607 2576 724 2639 easque
746 2554 872 2620 litteras
901 2554 1053 2620 dederam
1078 2555 1189 2643 pueris

230 2642 304 2709 tuis.
349 2642 440 2709 Vale.

654 2837 756 2904 XLII.

509 2947 565 3004 Sor.
584 2950 690 3005 Romae
709 2967 733 3004 a.
753 2967 780 3004 u.
799 2965 823 3004 c.
843 2953 903 3006 695.

348 3073 386 3128 Μ.
405 3072 580 3130 (11οΕ1108.
599 3073 632 3128 D.
651 3073 683 3129 L.
702 3072 893 3130 GULLEOLO
912 3072 1060 3130 Psocos

196 3194 211 3245 1
297 3173 333 3238 L.
360 3173 516 3238 Lucceius
542 3193 647 3257 meus,
675 3172 773 3238 homo
804 3173 948 3238 onmium
976 3157 1192 3258 gratissimus,

230 3263 380 3327 mirificas
406 3263 467 3326 tibi
495 3260 580 3362 apud
602 3282 654 3325 me
682 3263 804 3345 gratias
831 3261 913 3346 egit,
940 3283 1040 3345 quum
1069 3224 1192 3326 diceret

230 3352 339 3415 omnia
361 3355 394 3414 te
417 3349 669 3414 cumulat1ssime
697 3352 731 3412 et
751 3349 975 3414 liberalissime
1002 3352 1191 3434 procurato·

230 3438 318 3502 ribus
342 3438 408 3502 suis
430 3437 611 3520 pollicitum
633 3457 715 3499 esse:
740 3457 838 3520 quum
862 3438 965 3504 oratio
988 3441 1046 3502 tua
1067 3442 1135 3501 tam
1159 3438 1191 3502 ei

230 3528 325 3609 grata
356 3525 468 3607 fuerit,
499 3545 596 3606 quam
628 3527 756 3608 gratam
786 3545 855 3588 rem
887 3526 992 3610 ipsam
1025 3525 1189 3590 existimas
