2658 3986
237 240 299 304 198
516 239 554 293 Μ.
572 238 697 293 TULLII
714 236 905 292 CICERONIS

233 406 302 450 non
324 385 378 468 sis,
400 383 456 469 qui
477 383 588 467 fueris,
609 404 677 448 non
700 404 779 468 esse,
800 404 858 449 our
879 383 959 447 velis
977 382 1092 448 vivere.
1129 381 1192 448 Sed

233 477 344 539 lemen
365 493 480 538 vacare
503 473 598 556 eulpa
619 493 775 558 magnum
798 475 848 538 est
866 471 1026 556 solatium,
1048 493 1193 555 praeser-

233 563 294 628 tim
317 584 417 647 quum
438 560 576 625 habeam
599 560 679 625 duas
702 581 767 646 res,
789 560 906 645 quibus
928 581 979 624 me
1003 562 1192 645 sustentem,

234 651 431 736 oplimarum
453 649 571 715 artium
594 649 762 714 seienliam
789 652 823 714 ei
849 649 1061 714 maximarum
1083 671 1192 714 rerum

233 740 384 826 gloriam,
415 760 552 822 quarum
583 739 685 802 altera
715 737 796 802 mihi
822 738 896 803 vivo
923 759 1100 822 numquam
1133 739 1192 804 eri·

198 839 215 890 o
233 829 349 913 pielur,
367 828 469 892 sllera
487 849 530 891 ne
548 830 676 892 mortno
694 826 832 910 quidem.
868 825 958 891 Haeo
976 827 1018 890 ad
1030 828 1063 891 ie
1078 827 1190 912 scripsi

233 917 399 982 verbosius
422 918 456 980 et
477 915 538 981 libi
559 916 715 981 molestus
737 915 800 999 fui,
826 915 913 1000 quod
940 918 973 978 le
997 937 1097 999 quum
1118 918 1192 1001 mei,

233 1007 304 1070 lum
330 1006 378 1069 rei
402 1004 551 1090 publicae
582 1004 721 1090 cognovi
748 1004 1014 1070 amantissimum.
1066 1003 1189 1070 Notum

233 1094 294 1159 libi
321 1115 417 1160 omne
442 1115 552 1159 meum
578 1093 749 1159 eonsilium
771 1114 842 1158 esse
864 1092 966 1176 volui,
991 1096 1030 1156 ut
1050 1093 1191 1178 primum
1313 1105 1314 1146 l

235 1184 332 1248 scires
354 1204 407 1248 me
428 1204 607 1267 numquam
628 1181 770 1247 voluisse
791 1182 866 1266 plus
884 1202 1077 1266 quemquam
1095 1203 1192 1265 posse

234 1293 331 1355 quam
353 1271 538 1336 universam
555 1292 624 1335 rem
641 1270 813 1355 publicam,
835 1274 950 1354 posiae
966 1273 1076 1334 aulem
1094 1292 1192 1355 quam

234 1360 369 1424 alieuius
392 1360 487 1444 eulpa
508 1362 637 1424 lantum
659 1359 782 1424 valeret
801 1379 900 1442 unus,
927 1362 965 1422 ut
987 1358 1101 1423 obsisli
1123 1380 1191 1424 non

233 1451 357 1533 posset,
383 1469 435 1513 me
462 1447 602 1512 voluisse
630 1468 755 1532 paoem3
783 1447 901 1512 amisso
929 1446 1070 1512 exercitu
1096 1450 1130 1511 ei
1152 1469 1191 1512 eo

233 1537 327 1621 duee,
353 1537 389 1600 in
416 1558 479 1621 qno
507 1557 581 1621 spes
607 1536 715 1601 fuerat
736 1557 817 1620 uno,
847 1557 899 1601 me
926 1535 1066 1600 voluisse
1093 1535 1191 1600 eliam

233 1625 364 1711 reliquis
397 1625 560 1709 omnibus,
596 1628 769 1709 postquam
799 1646 868 1690 non
898 1624 1074 1709 potuerim,
1110 1625 1191 1689 mihi

232 1714 296 1798 ipsi
317 1714 416 1778 finem
437 1714 551 1778 fecisse
573 1713 662 1796 belli3
685 1734 773 1778 nune
791 1716 910 1798 aulem,
932 1713 960 1777 si
977 1712 1057 1778 haee
1076 1712 1190 1778 civitas
1314 1745 1315 1802 3

233 1805 295 1887 est,
323 1803 425 1867 oivem
448 1824 518 1868 esse
540 1824 605 1887 me,
633 1802 661 1868 si
687 1823 768 1886 non,
795 1801 936 1866 exsulem
959 1823 1119 1866 essenon
1141 1801 1191 1866 in·

233 1892 448 1958 commodiore
470 1892 556 1976 loeo,
583 1913 680 1975 quam
708 1890 735 1956 si
757 1889 910 1956 Rhodum
936 1910 984 1954 me
1011 1894 1068 1954 aul
1093 1888 1190 1974 Mysi·
1314 1875 1315 1924 l

198 1981 323 2046 olenas
351 1981 567 2046 contulissem
612 1979 702 2044 Haec
728 1982 835 2044 tecum
863 2000 972 2044 eoram
997 1979 1190 2062 malueram3

233 2070 303 2154 sed,
325 2069 401 2155 quia
427 2069 558 2155 longius
580 2068 693 2153 fiebat,
719 2069 808 2134 volui
834 2089 893 2153 per
920 2069 1046 2132 lilleras
1069 2067 1191 2153 eudem,

232 2162 270 2223 ut
291 2158 436 2242 haberes,
458 2158 536 2242 quid
555 2156 685 2241 diceres,
708 2158 736 2221 si
754 2157 883 2241 quando
901 2156 937 2219 in
954 2156 1190 2240 vituperatores
1315 2213 1316 2250 ἶ

232 2268 321 2313 meos
339 2246 524 2329 'incidissem
548 2248 624 2312 sunl
646 2245 742 2329 enim,
764 2246 834 2330 qui,
855 2265 955 2329 quum
977 2265 1068 2309 meus
1089 2245 1190 2308 inler-

232 2335 296 2399 itus
324 2335 406 2399 nihil
437 2335 535 2398 fueril
566 2333 613 2399 rei
644 2333 791 2418 publicae
818 2333 1019 2418 profuturus,
1046 2333 1190 2398 oriminis

232 2423 303 2487 looo
326 2425 443 2507 pulsent
461 2443 541 2505 esse,
563 2422 649 2505 quod
667 2423 782 2507 vivam,
800 2422 916 2506 quibus
935 2442 995 2506 ego
1014 2425 1102 2486 oerio
1122 2422 1190 2488 seio

232 2531 300 2576 non
321 2511 423 2575 videri
450 2510 529 2575 salis
556 2509 677 2575 multos
699 2511 832 2595 perisse:
860 2510 928 2594 qui,
955 2510 983 2573 si
1009 2531 1060 2575 me
1084 2510 1189 2574 audis-

233 2601 314 2682 sent,
337 2599 483 2683 quamvis
506 2598 618 2683 iniqua
637 2619 728 2684 paee,
749 2599 885 2665 honesta
903 2602 1013 2665 tamen
1030 2598 1190 2682 viverenl3
1315 2597 1316 2608 ‘

233 2687 330 2753 armis
354 2688 440 2752 enim
462 2687 646 2771 inferiores,
672 2708 740 2753 non
767 2709 865 2753 eausa
885 2687 1032 2752 fuissent.
1076 2685 1189 2752 Habes

232 2775 402 2860 epistolam
424 2776 642 2842 verbosiorem
668 2775 820 2860 fortasse,
847 2797 945 2861 quem
967 2775 1079 2860 velles;
1102 2775 1190 2860 quod

231 2864 292 2928 libi
319 2864 366 2930 ila
391 2865 493 2930 videri
519 2865 656 2950 pambo,
688 2865 752 2930 nisi
778 2864 858 2928 mihi
887 2864 1068 2950 longiorem
1094 2864 1189 2928 remi·

232 2952 321 3018 seris.
365 2951 448 3038 Ego,
471 2953 507 3037 si,
530 2975 612 3038 quae
630 2954 714 3038 volo,
736 2953 914 3038 expediero,
935 2953 1025 3018 brevi
1043 2955 1190 3036 tempore

231 3044 274 3126 le,
295 3043 333 3106 ut
355 3061 458 3126 spero,
480 3040 604 3107 videbo.

303 3268 441 3343 asae.
475 3267 570 3324 olenti
587 3269 613 3323 ei
629 3283 686 3323 aaa
701 3285 729 3340 p.
749 3268 834 3340 (Ἦν
