2578 3982
223 233 483 290 EPISTOLARUM
500 234 550 290 AD
569 234 600 300 Q.
619 233 795 290 FRATREM
813 236 847 289 ll.
866 243 891 289 2.
911 243 936 289 3.
990 235 1055 299 595

99 383 191 444 nesta
223 378 439 462 discessimus3
470 378 616 463 prodicta
647 379 714 445 dies
741 382 791 444 est
816 379 852 443 in
879 397 949 444 vm.
978 377 1055 445 Idus

99 465 194 532 Febr.
238 466 374 531 Interim
396 468 521 532 reiectis
544 467 761 553 legationibus
783 467 818 531 in
840 466 918 532 Idus
940 466 1055 532 refere-

100 555 198 620 batur
216 555 255 620 de
272 555 445 639 provinciis
464 560 670 639 quaestorum
688 559 721 620 et
739 556 778 620 de
798 556 952 621 ornandis
966 577 1056 642 prae-

100 643 240 725 toribus3
262 643 318 708 red
340 665 392 708 res
415 644 525 709 multis
548 645 684 728 querelis
703 644 742 709 de
759 665 794 708 re
812 644 941 728 publiea
959 645 1056 708 inter·

101 731 259 815 ponendis
281 732 373 796 nulla
398 735 563 796 transacta
592 735 650 797 est
695 730 730 796 C.
752 729 833 799 Cato
855 733 961 818 legem
983 754 1075 816 pror

101 820 260 905 mulgavit
286 820 326 883 de
353 820 488 904 impeiio
511 819 649 885 Lentulo
677 819 877 906 abrogando:
903 820 1056 885 vestitum

101 907 187 972 filius
218 908 364 973 mutavit.
408 908 448 972 A.
481 908 510 972 d.
537 925 607 974 vm.
639 907 686 972 Id.
717 907 810 973 Febr.
841 907 920 974 Milo
952 908 1083 973 affuitn

102 997 183 1070 dixit
195 995 367 1080 Pompeius
391 997 457 1061 sive
477 997 588 1080 voluit,
610 1019 695 1079 nam,
717 1001 755 1061 ut
772 997 918 1080 surrexit,
941 1018 1056 1081 operae

103 1083 277 1149 Clodianae
300 1085 472 1149 clamorem
496 1085 709 1169 sustulerunt,
731 1085 826 1168 idque
850 1085 879 1148 ei
901 1087 1057 1170 perpetua

103 1173 248 1238 oratione
271 1173 422 1258 contigit,
453 1195 521 1238 non
542 1173 639 1238 modo
667 1176 704 1237 ut
730 1173 974 1257 acclamatione,
1001 1173 1057 1238 sed

102 1263 140 1325 ut
162 1261 305 1326 convicio
329 1265 362 1325 et
379 1261 557 1327 maledictis
576 1261 792 1346 impediretur.
828 1259 889 1336 Qui
912 1264 950 1325 ut
965 1282 1057 1345 pero·

102 1349 242 1414 ravit-
255 1371 332 1414 nam
355 1349 391 1413 in
413 1371 451 1414 eo
475 1372 552 1414 sane
574 1349 669 1415 fortis
690 1349 766 1414 fuit:
794 1370 861 1414 non
884 1353 933 1414 est
955 1350 1056 1414 deter-

102 1439 197 1520 ritus3
229 1437 309 1503 dixit
336 1438 445 1502 omnia
477 1442 572 1522 atque
604 1438 767 1502 interdum
794 1437 891 1501 etiam
920 1437 1057 1520 silentio,

103 1547 176 1592 cum
203 1527 394 1591 auctoritate
416 1527 438 1605 †
460 1530 629 1612 peregerat
652 1561 709 1610 -,
740 1525 797 1591 sed
824 1528 861 1590 ut
886 1526 1057 1612 peroravit,

103 1615 241 1679 surrexit
258 1612 402 1680 Clodius:
426 1615 455 1677 ei
476 1619 588 1679 tantus
612 1615 733 1679 elamor
756 1636 776 1678 a
798 1615 918 1680 nostris
932 1647 974 1662 -
988 1616 1056 1699 pla·

103 1705 214 1767 onerat
240 1702 326 1766 enim
352 1702 470 1765 referre
503 1702 641 1786 gratiam
664 1738 721 1785 —,
756 1705 795 1766 ut
819 1722 923 1785 neque
950 1707 1057 1767 mente

103 1810 163 1854 neo
184 1789 298 1873 lingua
319 1809 423 1871 neque
446 1810 501 1853 ore
524 1789 722 1854 consisteret.
758 1787 809 1853 Ea
830 1809 882 1853 res
906 1792 978 1854 uota
1000 1793 1059 1873 est,

103 1898 203 1962 quum
229 1875 311 1940 hora
338 1878 428 1940 sexta
455 1876 509 1941 vix
534 1874 707 1960 Pompeius
734 1879 928 1961 perorasset,
957 1899 1058 1961 usque

103 1966 144 2031 ad
166 1965 281 2030 horam
303 1981 387 2048 vm,
414 1986 513 2047 quum
536 1965 646 2030 omnia
666 1964 850 2047 maledieta,
872 1986 983 2030 versus
1006 1965 1058 2030 de·

103 2055 200 2138 nique
232 2052 475 2118 obscoenissimi
505 2053 540 2116 in
567 2050 715 2117 Clodium
747 2057 781 2118 et
802 2051 948 2118 Clodiam
976 2053 1058 2118 dioe-

103 2145 224 2207 rentur.
268 2139 327 2205 Ille
349 2140 460 2205 furens
483 2144 516 2204 et
538 2141 709 2226 exsanguis
736 2141 960 2226 interrogabat
982 2163 1057 2207 suos

102 2231 139 2295 in
161 2231 299 2295 clamore
326 2230 411 2314 ipso,
438 2229 510 2312 quis
533 2232 630 2313 esset,
660 2229 714 2313 qui
740 2229 868 2314 plebem
895 2230 980 2294 fame
1003 2251 1058 2294 ne·

106 2323 205 2384 earet:
228 2318 468 2402 respondebant
489 2338 618 2402 operae:
641 2315 867 2402 „Pompeius;“
889 2318 961 2402 quis
983 2317 1057 2382 Ale-

102 2407 278 2472 xandream
304 2407 350 2471 ire
380 2409 523 2490 superet:
554 2406 806 2491 respondebant:
837 2403 1058 2491 ,J'ompeius“;

105 2517 199 2579 quem
228 2495 274 2559 ire
301 2495 434 2559 vellent:
461 2495 712 2580 respondebant:
743 2493 933 2579 „Crassum“
960 2531 1002 2541 —
1030 2496 1058 2560 is

105 2584 216 2648 aderat
250 2587 320 2647 turn
351 2582 467 2647 Miloni
502 2583 610 2649 animo
642 2604 710 2648 non
747 2584 848 2648 amico
876 2619 927 2647 ·-.
967 2581 1059 2649 Hora

103 2670 171 2735 fere
194 2691 281 2735 nona
307 2671 399 2755 quasi
427 2671 520 2756 signo
548 2671 625 2736 dato
652 2669 800 2735 Clodiani
826 2675 955 2735 nostros
983 2691 1057 2735 oon·

105 2763 234 2842 sputare
261 2762 448 2843 coeperunt·
480 2759 599 2823 exarsit
625 2759 726 2823 dolor.
775 2757 899 2842 Urgere
928 2758 990 2842 illi,
1021 2762 1059 2822 ut

103 2848 174 2912 looo
200 2867 262 2912 nos
289 2850 468 2929 moverent,
498 2846 604 2911 faetus
636 2848 686 2911 est
712 2867 732 2910 a
758 2846 878 2911 nostris
908 2847 1059 2930 impetus,

102 2934 182 3020 fuga
205 2956 388 3019 operarum,
416 2935 535 2999 eiectus
563 2934 601 2998 de
624 2935 745 2999 rostris·
761 2932 905 3019 Clodius,
933 2956 970 2998 ao
997 2956 1057 3000 nos

102 3045 230 3108 quoque
256 3027 327 3088 tum
352 3021 508 3107 fugimus,
535 3043 576 3086 ne
604 3021 681 3106 quid
706 3023 742 3086 in
769 3022 873 3087 turba.
922 3026 1057 3087 Senatus

173 3214 225 3284 Ep.
244 3221 269 3268 3.
289 3219 313 3268 1.
348 3214 381 3268 ia
404 3213 498 3268 VIII.
526 3215 599 3269 Idus
618 3213 722 3282 (lirul.
762 3214 795 3267 ia
818 3211 892 3266 VII.
920 3212 993 3267 Idas
1010 3212 1056 3280 M,

102 3285 145 3339 ed.
160 3283 258 3350 Laudi,
268 3283 299 3337 B.
314 3281 359 3338 'la
373 3284 463 3338 IIII.
479 3284 551 3339 Idas
563 3284 615 3338 ΕΙ.
643 3291 668 3337 a.
687 3285 724 3337 A.
738 3283 764 3337 d.
781 3282 875 3337 VIII.
891 3282 937 3337 Id.
953 3283 1056 3352 (Man.).

102 3356 138 3408 A.
157 3356 184 3410 d,
208 3355 282 3408 VII.
302 3355 349 3408 Id.
367 3354 418 3421 M.,
442 3355 484 3409 od.
503 3353 606 3422 Laudi,
625 3356 660 3422 1.‚
678 3354 709 3408 B.
755 3355 791 3407 A.
810 3354 837 3408 d.
862 3353 952 3408 IIII.
970 3353 1003 3407 R.
1024 3384 1057 3394 -

102 3427 265 3481 auctoriate
282 3440 385 3494 semper
402 3455 450 3490 —,
467 3426 514 3480 aad
532 3424 603 3495 (libr
626 3456 659 3466 -
683 3423 849 3490 „Craseuw
867 3455 900 3464 -
919 3425 1058 3479 truderat

102 3501 160 3549 tam
180 3496 286 3552 Milone·
303 3513 329 3550 o.
348 3510 405 3550 non
423 3496 509 3550 amico
525 3524 566 3568 ·.··
585 3494 666 3550 Hora
681 3494 756 3565 (W.).
791 3493 876 3562 „Cr.“
899 3495 933 3550 Ie
950 3512 976 3550 u.
991 3499 1057 3564 tam,

109 3566 143 3614 M
212 3568 298 3622 amico
334 3565 373 3621 H.
391 3565 485 3622 uulsoc

791 3653 845 3709 38⁸
