2586 3982
349 201 607 258 EPISTOLARUM
624 203 672 257 111.
691 209 716 258 8.
735 209 760 258 9.
993 199 1035 264 79

90 366 122 410 ex
144 347 208 412 tuis
236 347 354 412 litteris
378 348 416 413 de
445 370 501 433 spe
527 348 658 413 minime
682 347 780 412 dubia
806 351 840 412 et
864 348 961 432 plane
983 367 1035 412 ex·

88 434 206 518 plorata
228 436 385 520 triumphi
408 437 471 522 tui,
497 457 600 522 neque
627 459 704 502 vero
732 436 774 501 ob
802 457 874 500 eam
896 455 1037 520 causam,

88 544 142 606 quo
171 524 245 609 ipre
276 524 404 590 facilius
435 546 646 610 consequerer
668 561 711 572 -
733 545 811 588 nam
842 525 875 588 id
907 522 1037 609 quidem

84 603 308 694 Ἐπικούρειον
329 617 379 678 est
393 650 445 696 -,
468 614 522 680 sed
539 613 730 698 mehercule,
752 613 839 697 quod
855 616 914 678 tua
932 611 1036 697 digni·

87 699 130 762 tas
158 703 261 785 atque
290 701 469 786 amplitudo
499 703 580 767 mihi
611 704 661 767 est
690 702 763 786 ipsa
794 723 869 766 cara
899 721 958 786 per
988 721 1038 766 se:

87 807 187 874 quare,
210 790 366 873 quoniam
388 791 495 875 plures
517 793 555 856 tu
576 790 678 856 habes
701 812 799 875 quam
821 791 932 875 ceteri,
955 810 1037 873 quos

87 877 160 942 scias
184 877 221 942 in
243 877 330 944 hanc
352 879 550 964 provinciam
567 879 736 964 proficisci,
759 878 846 963 quod
863 881 896 944 te
915 878 1036 942 adeunt

86 962 144 1030 fere
168 987 293 1051 omnes,
316 967 344 1032 si
367 967 444 1051 quid
465 969 553 1052 velis,
576 967 797 1054 gratissimum
814 966 895 1031 mihi
911 967 1036 1052 feceris,

86 1053 170 1119 siud
194 1075 257 1140 me,
280 1055 472 1140 simulatque
496 1057 632 1142 adeptus
651 1056 722 1141 eris,
746 1055 832 1140 quod
850 1057 884 1120 et
905 1059 942 1120 tu
960 1076 1036 1120 con·

85 1141 149 1208 fidis
174 1145 209 1207 et
232 1164 294 1228 ego
317 1148 408 1230 opto,
430 1145 554 1211 litteras
576 1144 710 1210 miseris.
755 1143 863 1230 Longi
885 1143 1036 1228 subsellii,

85 1233 116 1294 ut
134 1233 252 1298 noster
273 1231 448 1317 Pompeius
468 1235 623 1320 appellat,
649 1233 803 1300 iudicatio
831 1235 865 1298 et
889 1254 982 1298 mora
1008 1231 1037 1298 si

86 1339 176 1402 quem
196 1319 260 1384 tibi
281 1321 360 1386 item
381 1343 483 1388 unum
505 1325 685 1400 alterumve¹
704 1323 789 1387 diem
811 1320 980 1386 abstulerit
993 1356 1036 1368 -

85 1409 155 1490 quid
180 1409 269 1473 enim
290 1413 399 1494 potest
421 1412 580 1496 amplius?
604 1449 660 1495 -,
681 1413 740 1476 tua
761 1413 872 1475 tamen
894 1410 1036 1496 dignitas

86 1517 175 1562 suum
196 1499 307 1562 loeum
329 1499 500 1584 obtinebit3
528 1500 597 1585 sed,
621 1501 649 1566 si
671 1521 723 1564 me
746 1499 866 1584 diligis,
894 1499 922 1564 si
944 1521 963 1564 a
985 1520 1037 1600 rqa

85 1583 173 1672 diligi
194 1587 255 1671 ris,
278 1587 319 1651 ad
341 1609 392 1652 me
414 1589 549 1673 litteras,
571 1592 609 1654 ut
631 1609 729 1672 quam
750 1589 891 1673 primum
913 1588 1037 1652 laetitia

86 1673 213 1760 afficiar,
236 1675 367 1741 mittito.
407 1675 452 1741 Et
473 1678 579 1761 velim,
600 1677 761 1760 reliquum
783 1676 870 1761 quod
893 1679 942 1741 est
963 1683 1074 1760 pro-3

85 1763 172 1828 missi
193 1785 233 1828 aa
254 1765 398 1828 muneris
419 1766 481 1850 tui,
503 1766 584 1830 mihi
605 1766 783 1851 persolvas:
811 1787 911 1849 quum
932 1764 1037 1849 ipsam

86 1852 304 1937 cognitionem
327 1853 406 1917 iuris
429 1855 556 1938 augurii
578 1854 732 1939 consequi
754 1853 858 1938 cupio,
879 1857 951 1918 tum
972 1875 1037 1918 me·

85 1937 210 2005 hercule
238 1941 304 2005 tuis
331 1940 560 2007 incredibiliter
582 1943 696 2008 studiis
720 1963 798 2030 erga
823 1963 875 2006 me
897 1943 1037 2006 muneri·

84 2026 205 2112 busque
229 2028 379 2094 delector.
424 2029 517 2107 Quod
540 2033 648 2096 autem
671 2053 691 2095 a
712 2053 764 2095 me
791 2030 857 2094 tela
885 2031 1038 2113 quiddam
1087 2105 1088 2108 Ἴ

87 2115 254 2202 desideras,
277 2139 355 2183 saue
378 2117 458 2183 mihi
476 2119 744 2185 considerandum
761 2121 820 2202 est,
842 2139 983 2201 quonam
1004 2119 1037 2181 te

85 2225 268 2270 remunerer
294 2207 498 2291 potissimum
524 2228 654 2292 genere3
686 2229 763 2272 nam
793 2205 939 2291 profecto
970 2227 1039 2270 non

87 2297 133 2357 est
152 2316 272 2379 meum,
295 2294 351 2378 qui
371 2295 407 2360 in
425 2295 603 2382 scribendo,
625 2300 662 2361 ut
680 2297 764 2362 soles
783 2295 944 2380 admirari,
966 2297 1039 2359 tan·

85 2384 153 2446 tum
172 2382 353 2448 industriae
376 2405 506 2468 ponam,
528 2386 738 2469 committere,
759 2386 798 2450 ut
816 2384 984 2469 negligens
1003 2384 1039 2450 ιἰι

88 2469 254 2536 scribendo
285 2471 385 2536 fuisse
416 2472 538 2557 videar,
569 2473 759 2559 praesertim
786 2481 885 2557 quum
911 2472 945 2536 id
971 2493 1039 2538 non

87 2558 179 2624 modo
201 2559 413 2645 negligentis,
440 2561 496 2626 sed
523 2561 621 2627 etiam
642 2561 764 2646 ingrati
791 2561 891 2625 animi
918 2561 1038 2625 crimen

88 2647 231 2712 futurum
259 2647 309 2712 sit
354 2648 477 2715 Verum
503 2650 584 2716 haec
609 2649 801 2715 videbimus:
832 2649 926 2734 illud,
954 2650 1078 2734 quod4

89 2737 261 2821 polliceris,
287 2738 384 2802 velim
410 2759 469 2822 pro
496 2741 554 2804 tua
580 2738 644 2803 fide
666 2737 896 2822 diligentiaque
924 2740 958 2802 et
979 2761 1039 2824 pro

90 2828 196 2890 nostra
224 2846 294 2890 non
319 2825 482 2911 instituta,
514 2827 570 2892 sed
596 2828 662 2892 iam
688 2827 868 2891 inveterata
899 2827 1041 2892 amicitia

91 2932 174 2978 cures
198 2918 229 2978 ct
250 2914 382 3000 enitare,
404 2918 441 2980 ut
459 2915 651 3000 supplicatio
674 2915 769 2980 nobis
792 2936 889 2999 quam
910 2915 1040 2982 honori·

91 2999 291 3068 fidentissime
315 3024 411 3087 quam
433 3004 635 3088 primumque
657 3005 856 3068 decernatur.
901 3003 1040 3069 Omnino

94 3091 187 3155 serius
218 3091 293 3156 misi
323 3093 461 3176 litteras,
493 3114 590 3177 quam
621 3093 749 3178 vellem,
779 3092 815 3157 in
846 3113 910 3176 quo
942 3113 1042 3177 quum

95 3175 261 3244 difficultas
282 3181 458 3266 navigandi
480 3181 545 3245 fuit
566 3180 687 3268 odiosa,
708 3184 779 3246 tum
796 3182 832 3246 in
849 3181 956 3265 ipsum
979 3178 1041 3242 dis-

96 3285 213 3332 cessum
240 3271 370 3334 senatus
396 3269 546 3334 incidisse
579 3271 673 3336 credo
701 3291 789 3334 meas
814 3269 953 3350 litteras3
986 3265 1041 3332 sed

158 3477 211 3548 Ep.
230 3485 259 3545 9,
273 3485 297 3534 3.
337 3481 407 3549 cept.
430 3479 463 3534 ia
485 3481 626 3536 scribendo
650 3478 722 3549 (edd.
742 3478 831 3549 vett).
883 3492 911 3531 ιι.
936 3491 988 3532 cer.
1011 3476 1043 3532 Μ

98 3559 120 3598 ιι,
138 3547 212 3620 [rea]
230 3549 261 3603 B.
295 3555 320 3604 4.
339 3550 389 3606 tce
405 3550 575 3608 videbimus?
