2610 3980
388 265 646 322 EPISTOLARUM
664 266 773 336 Hirr.
1014 263 1054 326 87

106 408 198 472 fidem
220 408 541 494 benevolentiamque
564 410 695 475 mirifice
717 408 843 474 laudas:
869 410 973 477 laetor
994 407 1056 474 vir·

106 500 171 561 tute
191 499 224 560 et
243 497 350 562 officio
370 520 468 583 quum
486 501 615 564 tuorum
633 497 894 576 necessariorum,
913 517 1058 567 meorum

107 585 379 666 amicissimorum,
400 589 469 650 tum
492 586 623 651 alterius
641 587 786 652 omnium
804 586 1003 651 saeculorum
1025 587 1058 650 at

108 674 252 758 gentium
278 675 447 758 principis,
478 674 609 739 alterius
636 675 701 739 iam
727 675 852 760 pridem
873 673 1058 756 iuventutis,

107 762 264 845 celeriter,
285 765 323 827 ut
345 783 452 846 spero,
480 763 627 828 civitatis.
670 761 721 827 De
743 761 948 828 mercenariis
969 761 1058 825 testi·

106 849 164 914 bus
193 872 214 913 a
242 850 307 914 suis
336 849 518 915 civitatibus
550 850 715 935 notandis,
746 851 810 916 nisi
840 850 906 915 iam
936 849 1059 914 factum

107 937 227 1021 aliquid
247 941 297 1002 est
313 959 371 1022 per
389 937 547 1023 Flaccum,
564 939 621 1003 fiet
640 961 659 1003 a
677 961 737 1023 me,
755 961 853 1023 quum
872 961 929 1023 per
947 937 1060 1002 Asiam

108 1026 267 1091 decedam.
299 1023 395 1090 Nunc
419 1027 458 1091 ad
481 1029 616 1092 alteram
638 1027 808 1111 epistolam
830 1027 934 1093 venio.
966 1023 1095 1103 Quodn

108 1115 147 1178 ad
169 1136 221 1179 me
246 1115 338 1198 quasi
359 1115 497 1180 formam
516 1116 733 1182 communium
752 1118 934 1199 temporum
958 1117 990 1178 et
1010 1117 1059 1178 to·

34 1218 40 1230 ¹
109 1204 171 1266 tius
194 1201 243 1266 rei
266 1202 412 1286 publicae
431 1203 546 1268 misisti
568 1225 760 1288 expressam,
782 1201 953 1287 prudentia
975 1201 1059 1266 litte-

108 1313 216 1356 rarum
239 1293 368 1355 tuarum
391 1291 482 1360 valde
504 1291 591 1359 mihi.
607 1295 656 1356 est
677 1295 771 1376 grata
794 1327 835 1338 -
858 1290 951 1356 video
975 1290 1061 1356 enim

111 1383 141 1442 et
162 1379 306 1463 pericula
328 1379 457 1465 leviora,
479 1401 575 1464 quam
596 1379 757 1464 timebam,
780 1381 813 1444 et
830 1379 953 1446 maiora
966 1399 1060 1464 ,prae-

111 1468 198 1551 sidia,
222 1467 250 1530 si
274 1466 412 1552 quidem,
433 1471 470 1532 ut
488 1468 609 1552 scribis,
632 1489 743 1533 omnes
762 1469 844 1534 vires
864 1468 1003 1556 civitatis
1026 1489 1060 1532 se

112 1556 150 1619 ad
166 1555 314 1640 Pompeii
332 1554 464 1620 ductum
482 1557 779 1641 applicaverunt-
793 1559 947 1640 tuumque
966 1555 1062 1620 simul

112 1647 296 1729 promptum
315 1644 466 1712 ¹animum
493 1648 526 1708 ct
548 1646 685 1710 alacrem
711 1646 858 1729 perspexi
884 1645 927 1708 ad
953 1644 1062 1708 defeu-

113 1732 248 1797 dendam
271 1732 537 1816 rempublicam,
563 1733 792 1816 mirificamque
820 1733 889 1817 cepi
916 1733 1062 1817 uolupta-

113 1825 174 1885 tem
206 1842 246 1885 ex
274 1818 335 1885 hac
367 1824 425 1885 tua
452 1821 631 1906 diligentia,
663 1822 748 1905 quod
775 1821 810 1884 in
837 1821 969 1886 summis
997 1820 1062 1886 tuis

113 1908 377 1994 occupationibus
405 1909 485 1973 mihi
507 1913 616 1974 tamen
638 1911 684 1974 rei
705 1910 835 1993 publica
862 1913 983 1974 statum
1005 1929 1063 1992 per

112 2001 141 2062 te
168 2001 286 2064 notum
317 2018 386 2062 esse
418 1997 560 2062 voluisti:
591 2018 668 2061 nam
695 1998 864 2082 augurales
890 1997 990 2066 libros
1022 1997 1064 2062 ad

113 2107 281 2152 commune
300 2085 465 2169 utriusque
483 2088 630 2151 nostrum
648 2085 748 2150 otium
768 2106 871 2168 serva,
894 2084 1064 2169 egoenim,

113 2178 182 2240 ate
207 2195 309 2258 quum
331 2176 389 2238 tua
410 2174 569 2258 promissa
590 2194 648 2257 per
665 2175 788 2238 litteras
806 2172 1001 2257 flagitabam,
1023 2171 1064 2237 ad

111 2265 224 2328 urbem
241 2265 276 2327 te
295 2261 526 2346 otiosissimum
544 2283 612 2326 esse
631 2261 819 2344 arbitrabar,
841 2282 928 2325 nunc
946 2263 1065 2344 tamen,

112 2354 147 2416 ut
168 2353 238 2438 ipse
263 2349 438 2434 polliceris,
464 2372 524 2434 pro
551 2349 758 2436 auguralibus
784 2349 874 2414 libris
903 2348 1064 2414 orationes

111 2443 183 2504 tuas
212 2437 378 2504 confectas
405 2460 516 2504 omnes
543 2437 743 2523 exspectabo,
787 2437 826 2506 D.
850 2437 987 2523 Tullius,
1015 2438 1101 2505 cuio

113 2528 269 2594 mandata
296 2527 337 2590 ad
364 2547 415 2592 me
443 2525 571 2610 dedisti,
602 2548 670 2592 non
696 2529 890 2593 convenerat
911 2548 975 2611 me3
1007 2547 1066 2592 nec

115 2617 272 2682 oratiam
299 2614 469 2699 quisquam
495 2625 620 2679 mecum
645 2617 775 2678 tuorum
801 2617 928 2698 praeter
955 2635 1066 2682 omnes

116 2727 216 2788 meos,
249 2703 305 2788 qui
332 2706 409 2768 sunt
436 2724 546 2768 omnes
573 2703 630 2768 tui.
679 2700 952 2768 Stomachosiores
979 2725 1066 2768 meas

116 2793 239 2858 litteras
269 2795 348 2875 q'uas
381 2790 467 2855 dicas
495 2812 577 2874 esse,
607 2811 677 2859 non
702 2790 862 2876 intelligo:
894 2790 943 2856 bis
971 2791 1013 2858 ad
1034 2796 1067 2857 te

118 2881 229 2967 scripsi
257 2901 307 2944 me
333 2899 477 2966 purgans
505 2879 688 2965 diligenter,
714 2879 886 2960 telleviter
913 2901 1067 2950 accusans

118 2970 151 3034 in
182 2991 234 3053 eo,
268 2963 354 3052 quod
387 2966 425 3032 de
452 2989 502 3032 me
530 2968 593 3034 cito
623 2966 821 3048 credidisses:
853 2968 939 3050 quod
966 2988 1068 3054 genus

121 3058 266 3142 querelae
288 3055 368 3120 mihi
387 3047 515 3143 quidem
533 3055 700 3120 videbatur
719 3077 787 3135 esse
810 3056 917 3139 amici;
940 3057 991 3120 sin
1007 3055 1069 3120 tibi

121 3145 274 3232 displicet,
297 3165 366 3210 non
387 3147 460 3208 utar
483 3165 520 3209 eo
543 3143 687 3227 posthac.
733 3141 807 3226 Sed,
831 3144 867 3227 si,
889 3147 926 3206 ut
948 3141 1069 3224 scribis,

123 3254 174 3300 ese
200 3234 328 3299 litterae
356 3253 423 3299 non
449 3233 581 3297 fuerunt
607 3231 756 3316 disertae,
784 3231 864 3296 scito
892 3251 979 3294 meas
1001 3249 1069 3294 non

190 3461 241 3531 Ep.
259 3468 300 3516 11.
314 3467 339 3515 4.
372 3465 453 3530 prata
467 3491 499 3500 -
513 3461 590 3516 video
604 3503 609 3514 .
622 3501 646 3514 ..
666 3461 873 3530 applicaverunt
887 3487 929 3522 ——,
943 3459 1070 3526 tenueque

128 3529 196 3599 (W).
230 3548 273 3602 9,
290 3523 369 3588 video
448 3532 532 3600 appi,
550 3537 568 3586 t.
588 3532 618 3587 Β.
642 3562 673 3570 -
696 3529 853 3600 praesidia,
875 3543 956 3598 guam
979 3543 1070 3596 spera·

129 3599 193 3670 bcun,
209 3603 234 3658 si
252 3602 324 3673 (ΜΡ
362 3609 385 3656 5,
404 3603 538 3658 celeriter·
557 3603 623 3672 (m).
660 3606 685 3656 te
703 3601 797 3654 buzites
815 3599 846 3653 B.
