2644 3988
399 255 657 312 EPISTOLARUM
675 257 735 311 XII.
758 264 779 310 1.
799 263 823 311 2.
1025 255 1089 321 379

130 401 310 486 periculum
334 420 401 468 non
420 402 601 485 extimesco,
622 401 718 468 modo
737 401 836 467 vestri
853 401 933 466 facti
954 403 1091 488 gloriam

131 511 207 556 oum
229 511 302 554 mea
324 490 418 554 laude
449 490 670 556 communicet.
719 489 771 555 Ita
798 511 857 555 nec
884 489 1008 575 Pisoni,
1036 492 1092 576 qui

131 578 266 643 ineam
292 579 415 664 primus
441 578 588 644 invectus
615 583 665 643 est
686 580 776 645 nullo
800 579 1009 664 assentiente,
1031 600 1091 644 neo

132 666 224 752 mihi,
247 668 302 751 qui
323 667 409 732 idem
431 667 592 732 tricesimo
615 669 690 752 post
713 668 763 732 dia
786 667 857 752 feci,
879 687 940 731 nec
961 665 996 732 P.
1020 665 1090 732 Ser·

132 755 225 839 vilio,
252 756 307 839 qui
338 777 390 820 me
418 761 467 820 est
489 760 693 840 consecutus,
715 760 787 822 tuto
810 757 846 820 in
869 759 1017 821 senatum
1039 777 1091 821 ve·

133 843 204 908 nire
232 844 320 928 licet3
348 845 478 909 caedem
509 846 596 909 enim
623 845 784 930 gladiator
811 844 938 930 quaerit
960 845 1091 928 eiusque
1160 912 1166 920 ,

131 931 264 996 initium
287 954 315 997 a.
339 933 555 998 d.X111.Kal.
583 931 712 998 Octobr.
744 955 764 997 a
785 954 836 998 me
868 955 902 997 se
929 933 1092 998 facturum

132 1022 275 1106 putavit,
303 1023 344 1086 ad
373 1043 467 1105 quem
498 1027 632 1106 paratus
658 1024 804 1104 venerat,
831 1043 930 1104 quum
956 1021 1092 1086 invilla

134 1107 259 1173 Metelli
291 1111 471 1195 complures
504 1111 571 1175 dies
603 1114 839 1174 commentatus
876 1114 973 1192 esset3
1010 1130 1091 1193 quae

135 1201 245 1262 autem
277 1199 312 1262 in
343 1198 453 1263 lustris
474 1201 519 1262 'et
549 1198 584 1263 in
615 1199 691 1263 vino
724 1198 952 1264 commentatio
985 1199 1093 1282 potuit

133 1285 228 1350 esse?
264 1287 373 1371 itaque
405 1287 555 1352 omnibus
584 1291 636 1351 est
666 1287 768 1371 visus,
800 1290 837 1350 ut
868 1286 908 1350 ad
935 1290 968 1350 te
996 1289 1092 1350 antea

135 1375 260 1459 scripsi,
281 1397 409 1440 vomere
433 1397 491 1442 suo
514 1397 613 1460 more,
635 1395 702 1440 non
721 1375 833 1440 dicere.
869 1373 983 1459 Quare,
1006 1375 1128 1458 quoda

134 1463 250 1528 scribis
272 1467 305 1528 te
329 1465 488 1530 confidere
507 1464 698 1528 auctoritate
722 1467 755 1528 ot
773 1463 957 1547 eloquentia
979 1466 1092 1528 nostra

135 1551 259 1634 aliquid
281 1553 394 1636 profici
416 1574 524 1637 posse,
550 1553 713 1636 nonnihil,
740 1556 778 1618 ut
803 1553 839 1616 in
864 1551 966 1616 tantis
988 1552 1092 1636 malis,

134 1643 187 1704 est
218 1641 412 1725 profectum3
446 1642 601 1727 intelligit
636 1641 723 1705 enim
754 1641 892 1724 populus
924 1639 1091 1704 Romanus

135 1732 204 1793 tres
227 1751 296 1794 esse
319 1731 518 1815 consulares,
541 1730 610 1815 qui,
632 1730 716 1814 quia,
744 1749 822 1810 quac
845 1729 883 1792 de
905 1749 940 1792 re
963 1729 1092 1812 publica

136 1817 220 1882 bene
243 1819 415 1903 senserint,
441 1819 541 1883 libere
563 1819 663 1882 locuti
687 1819 764 1902 sint,
791 1819 863 1881 tuto
885 1817 921 1880 in
944 1820 1092 1880 senatum

137 1907 247 1970 venire
270 1928 338 1972 non
360 1907 495 1993 possint.
532 1905 601 1972 Neo
624 1909 674 1969 est
695 1908 870 1990 praeterea,
894 1903 979 1988 quod
1002 1904 1092 1986 quid-

136 2016 237 2078 quam
268 1999 445 2080 exspectes,
476 2000 553 2060 tuus
585 1995 671 2058 enim
695 1993 901 2058 'necessarius
934 1992 1092 2056 affinitate

136 2105 224 2148 nova
242 2083 430 2148 delectatur:
455 2085 564 2168 itaque
583 2084 649 2146 iam
666 2103 734 2147 non
752 2084 802 2146 est
820 2080 983 2146 studiosus
1003 2079 1092 2144 ludo·

136 2194 211 2236 rum
233 2173 424 2256 infinitoque
446 2172 556 2236 fratris
579 2171 628 2236 tui
649 2172 765 2254 plausu
785 2170 990 2252 dirumpitu13
1013 2168 1094 2232 alter

137 2260 218 2324 item
245 2261 353 2325 affinis
379 2262 472 2327 novis
500 2259 739 2325 commentariis
761 2255 908 2322 Caesaris
936 2255 1093 2320 delenitus

136 2351 198 2412 est.
235 2346 297 2414 Sed
315 2349 394 2414 haee
413 2349 606 2415 tolerabilia:
628 2347 708 2412 illud
725 2368 793 2413 non
810 2345 988 2428 ferendum,
1008 2343 1094 2428 quod

136 2440 198 2520 est,
221 2439 276 2522 qui
298 2441 405 2503 vestro
428 2459 514 2503 anno
532 2437 635 2502 filium
654 2459 748 2500 suum
766 2435 930 2500 consulem
948 2433 1094 2497 futurum

138 2528 234 2608 putet
256 2526 297 2592 ob
321 2547 454 2610 eamque
477 2546 607 2608 oausam
635 2545 669 2589 se
691 2525 767 2588 huio
793 2522 913 2588 latroni
936 2521 1094 2586 deservire

138 2635 216 2697 prae
235 2635 270 2678 se
287 2615 380 2679 ferat.
415 2613 502 2679 Nam
519 2613 555 2678 L.
570 2613 674 2696 Cotta,
694 2611 861 2677 familiaris
879 2632 979 2695 meus,
1000 2609 1095 2674 fatali
1112 2622 1129 2672 3

137 2701 280 2784 quadam
311 2703 548 2787 desperatione,
582 2707 620 2766 ut
651 2702 710 2784 ait,
741 2700 848 2764 minus
878 2699 914 2763 in
946 2699 1094 2763 senatum

138 2790 241 2872 venit3
268 2789 304 2855 L.
327 2789 458 2876 Caesar,
486 2792 626 2874 optimus
649 2794 682 2854 et
703 2789 899 2853 fortissimus
922 2787 1013 2871 civis,
1040 2808 1094 2851 va·

138 2876 282 2943 letudine
304 2879 491 2964 impeditur,
514 2877 580 2944 Ser.
603 2876 762 2962 Sulpicius
785 2880 819 2940 et
838 2897 963 2940 summa
986 2878 1094 2939 auoto-

138 2967 236 3032 ritate
263 2972 297 3032 et
323 2969 445 3053 optime
472 2968 614 3034 sentiens
641 2987 709 3031 non
741 2964 844 3048 adest,
874 2963 1015 3046 reliquos
1043 2983 1094 3026 ex-

137 3055 242 3139 ceptis
266 3057 442 3141 designatis
464 3057 597 3142 ignosce
620 3055 700 3119 milri
723 3054 750 3118 si
772 3074 840 3118 non
862 3072 996 3116 numero
1020 3071 1095 3115 eon·

137 3145 272 3209 sulares.
316 3145 427 3210 Habes
459 3149 606 3210 auctores
632 3142 759 3208 consilii
784 3140 917 3224 publici:
950 3139 1005 3221 qui
1036 3159 1095 3201 nu·

137 3254 247 3298 merus
271 3233 369 3298 etiam
391 3234 486 3298 bonis
504 3233 601 3298 rebus
619 3232 753 3316 exiguus
773 3232 866 3312 esset,
889 3227 965 3311 quid
984 3247 1095 3291 censes

138 3321 297 3406 perditis?
321 3343 419 3406 quare
443 3343 516 3406 spes
540 3324 595 3385 est·
612 3316 717 3385 omnis
739 3319 775 3381 in
797 3317 898 3398 vobis,
921 3314 976 3398 qui
999 3315 1027 3377 si
1048 3312 1095 3377 id·

137 3409 225 3476 circo
249 3409 378 3495 abestis,
401 3414 438 3474 ut
460 3410 530 3474 sitis
552 3409 588 3472 in
610 3411 695 3491 tuto,
717 3427 759 3469 ne
781 3404 817 3469 in
838 3403 930 3468 vobis
954 3401 1095 3486 quidem:

138 3498 191 3563 sin
219 3498 340 3582 aliquid
368 3498 503 3583 dignum
529 3499 637 3561 vestra
669 3494 772 3580 gloria
804 3491 968 3576 cogitatis,
999 3489 1096 3554 velim

138 3586 237 3650 salvis
260 3586 369 3671 nobis,
397 3587 448 3650 sin
469 3586 502 3649 id
525 3585 646 3666 minuo,
672 3604 723 3646 res
750 3586 860 3644 tamen
882 3577 1011 3663 publica
1038 3597 1097 3662 per
