2556 3986
216 213 283 280 504
499 217 536 273 n.
556 217 679 273 ronan
697 215 888 273 cromours

215 359 340 424 insidiis
367 360 547 427 liberasset:
579 363 664 446 quod
696 362 737 426 ad
767 383 825 428 vos
853 383 874 424 a
900 378 954 422 me
990 349 1122 420 scribi
1154 365 1220 411 ΒΘΗ

215 449 356 513 alienum
378 449 500 534 putavi,
520 455 557 514 ut
577 450 801 536 intelligeretis
823 469 864 513 ex
885 447 942 528 iis,
968 462 1081 528 quae
1110 453 1221 522 poene

214 536 409 621 acciderunt,
434 559 493 602 vos
515 539 617 604 multo
641 543 729 622 ente,
756 559 798 602 ne
820 557 859 601 ea
882 529 1119 610 acciderent,
1142 543 1216 622 pro

213 625 340 710 vidisse,
362 645 464 709 eoque
486 633 550 690 vos*
567 627 741 692 studiosius
758 626 821 689 feci
844 623 1021 703 certiores,
1053 613 1160 700 qued
1173 633 1215 713 ¹111

213 733 289 798 rege
311 713 531 779 Ariobarzane
550 735 589 779 ea
611 715 690 780 mihi
714 715 807 800 signa
829 712 943 778 videor
966 705 1150 803 virtutis
1169 720 1213 763 ¹1²·

213 801 310 886 genii,
336 801 412 866 fidei
439 803 744 888 benevolentiaeque
772 821 849 887 erga
876 819 937 863 ros
966 807 1211 881 perspfflflffls

212 892 339 954 utnon
363 889 432 953 sine
455 911 552 956 causa
573 895 700 955 tantam
723 911 831 956 curam
853 889 890 951 in
914 887 993 950 eius
1020 905 1097 948 vos
1126 878 1210 944 salu·

212 982 279 1042 tem
302 977 566 1064 diligentiamque
588 978 761 1044 videamini
783 975 975 1042 contulisse.

658 1189 717 1256 ΠΙ.

247 1298 305 1359 Sor.
325 1299 356 1356 in
375 1300 475 1358 eastris
494 1301 531 1358 ad
550 1300 674 1358 Iconium
693 1301 740 1356 ΙΙΙ.
759 1299 821 1354 Kal.
841 1297 920 1372 Sept.
942 1312 972 1352 a.
994 1314 1027 1350 u.
1053 1313 1084 1350 ο.
1109 1297 1184 1348 703..
1273 1277 1274 1310 ³

435 1423 473 1476 M.
492 1421 622 1477 CICERO
642 1423 668 1478 S.
688 1424 721 1478 D.
740 1422 776 1476 ll.
795 1418 944 1475 carum.

176 1535 190 1583 1
277 1516 384 1593 Quum
407 1520 448 1588 ad
469 1543 521 1586 me
543 1523 644 1606 legati
667 1523 757 1588 missi
779 1520 819 1584 ab
837 1518 1018 1584 Antiocho
1043 1519 1199 1586 Comma·

209 1625 295 1760 {eno
317 1607 482 1672 venissent
503 1609 539 1672 in
562 1613 668 1674 caetra
696 1611 735 1674 ad
757 1607 905 1672 Iconium
930 1629 962 1670 a.
989 1608 1026 1679 d.
1055 1627 1110 1674 111.
1131 1605 1198 1672 Kal.

233 1698 296 1780 ept.
314 1695 401 1779 iique
418 1697 498 1760 mihi
517 1697 725 1762 nuntiassent
741 1695 825 1780 regis
843 1694 1067 1760 Parthorum
1088 1697 1197 1773 filium,
1273 1737 1274 1740 =

206 1803 347 1936 {uocum
375 1787 461 1849 esset
486 1788 590 1870 nupta
621 1785 708 1870 regis
734 1781 970 1848 Armeniorum
1003 1805 1129 1870 soror,
1161 1781 1195 1847 ad

239 1870 410 1955 aphratem
434 1893 507 1936 cum
534 1871 683 1936 maximis
705 1871 900 1936 Parthorum
930 1873 1052 1956 copiis
1080 1873 1194 1938 multa·

205 1981 342 2043 rumque
373 1964 541 2044 praeterea
578 1960 723 2044 gentium
755 1978 874 2042 magna
910 1979 1027 2024 manu
1066 1961 1193 2027 venisse

205 2046 471 2133 Euphratemque
493 2048 559 2113 iam
581 2047 721 2111 transire
745 2046 886 2129 coepisse
911 2046 1059 2134 dicique
1082 2049 1193 2114 Arme·

204 2136 297 2201 nium
323 2153 433 2224 regem
459 2135 495 2202 in
518 2134 756 2222 Cappadociam
781 2134 940 2220 impetum
972 2157 1060 2202 esse
1092 2137 1192 2203 factu·

203 2245 291 2308 rum,
317 2225 430 2309 putavi
456 2245 516 2309 pro
543 2225 658 2287 nostra
680 2221 915 2285 necessitudine
944 2243 1005 2288 me
1040 2227 1135 2291 haec
1158 2225 1191 2289 ad

169 2317 238 2376 ate
262 2312 400 2376 scribere
428 2315 587 2396 oportere.
631 2307 762 2374 Publice
791 2312 925 2392 propter
948 2309 1047 2377 duae
1076 2335 1190 2380 causas

203 2399 287 2466 nibil
315 2399 441 2483 scripsi,
469 2399 554 2482 quod
587 2401 620 2462 et
648 2397 755 2480 ipsum
782 2393 1058 2482 Commagenum
1091 2401 1190 2488 legati

204 2485 356 2550 dicebant
393 2486 433 2549 ad
471 2490 618 2550 senatum
656 2484 766 2548 statim
805 2483 960 2558 nuntios,
981 2487 1190 2576 litterasque

203 2573 329 2638 misisse
352 2577 385 2638 et
407 2574 630 2638 existimabam
652 2570 697 2636 M.
719 2569 870 2635 Bibulum
892 2593 1032 2660 procos.
1061 2613 1113 2624 —-
1140 2578 1190 2663 qui

203 2661 329 2728 circiter
355 2659 433 2728 idus
461 2659 546 2728 Sext.
574 2661 615 2726 ab
647 2659 775 2743 Epheso
805 2659 841 2722 in
868 2659 999 2742 Syriam
1040 2665 1189 2731 navibus

201 2751 366 2852 profectus
390 2753 461 2816 erat
483 2787 535 2834 —-‚
559 2747 646 2836 quod
669 2746 825 2811 secundos
848 2749 965 2811 ventos
991 2747 1189 2834 habuisset

201 2859 267 2904 ram
293 2839 328 2903 in
354 2839 556 2924 provinciam
584 2855 677 2903 suam
704 2833 900 2919 pervenisse,
928 2835 1027 2900 cuius
1061 2839 1188 2904 litteris

202 2926 312 2991 onmia
334 2927 472 2991 certiora
498 2927 660 3014 perlatum
686 2922 726 2986 iri
753 2920 795 2986 ad
822 2923 971 2986 senatum
1001 2928 1186 3008 putabam.

200 3011 296 3100 Mihi,
323 3018 361 3080 ut
386 3015 421 3079 iu
445 3013 603 3080 eiusmodi
631 3033 666 3075 re
693 3013 848 3098 tantoque
876 3005 977 3093 bello,
1007 3015 1185 3078 maximae

187 3122 295 3184 ,curae
327 3107 390 3189 cst,
406 3100 409 3106 ’
426 3107 477 3188 ut,
509 3123 592 3187 quac
624 3097 726 3184 copiis
759 3101 792 3161 et
824 3095 938 3180 opibus
970 3099 1099 3164 tenere
1131 3101 1184 3164 vix

268 3330 321 3400 np.
335 3335 396 3400 2,8.
425 3331 567 3387 liberasset
580 3327 656 3396 (W.).
693 3325 821 3384 lteram
833 3322 871 3376 M.
908 3321 1042 3376 liberarit
1056 3323 1140 3392 Birra,
1148 3325 1177 3378 Β.

198 3395 248 3468 Ep.
268 3405 298 3466 3,
318 3407 343 3454 1.
378 3417 420 3456 me
441 3403 508 3456 baec
533 3399 570 3452 ud
594 3401 620 3450 ta
643 3391 718 3460 (W.).
761 3393 869 3447 metue
890 3391 928 3444 ud
950 3395 976 3444 te
1001 3390 1055 3473 bh,
1075 3395 1178 3465 vulgo.

198 3473 355 3607 {maceca
374 3499 408 3514 -
427 3473 477 3540 psa·
497 3471 625 3522 ...aar
644 3491 692 3528 —-,
711 3479 743 3536 u.
767 3463 842 3529 (W.)
881 3477 941 3529 pa,
965 3475 1017 3532 qua
1040 3503 1067 3516 ..
1089 3479 1129 3530 a,
1152 3481 1178 3535 ς.
