2556 3986
228 228 295 295 544
510 229 548 286 Μ.
569 229 692 284 TULLII
710 227 899 286 CICERONIS

659 477 749 543 XIII.

567 587 624 644 Ser.
644 607 714 644 au.
734 607 756 644 o.
777 594 836 644 700.

505 711 659 768 ruamus
679 712 807 768 macru
827 712 902 790 ssu.

291 809 408 877 Omnia
434 833 455 876 a
476 815 509 876 te
536 813 613 877 data
639 812 720 877 mihi
746 813 882 896 putabo,
909 811 937 876 si
962 813 996 876 te
1020 811 1185 878 valentem

224 899 343 964 videro.
393 897 526 965 Summa
553 921 629 966 cura
657 901 882 984 exspectabam
912 899 1088 964 adventum
1116 901 1185 966 An-

225 988 313 1072 drici,
336 1009 430 1072 quem
453 989 494 1052 ad
517 992 549 1053 te
572 989 731 1052 miseram.
768 985 862 1072 Oura,
886 989 912 1052 si
934 1010 986 1052 mc
1010 989 1129 1074 diligis,
1147 993 1186 1054 ut

224 1077 332 1141 valeas
356 1080 397 1160 et,
420 1098 519 1160 quum
541 1079 573 1140 te
592 1077 674 1141 bene
693 1077 902 1162 confirmaris,
923 1076 964 1142 ad
982 1097 1043 1142 nos
1061 1077 1185 1142 venias.

205 1163 317 1254 Uale.
353 1182 413 1230 1111.
435 1163 482 1230 Id.
506 1163 584 1250 Apr.

657 1357 746 1424 XIV.

452 1475 453 1479 ’
564 1467 620 1523 Ser.
640 1485 665 1523 a.
684 1488 711 1523 u.
731 1485 753 1523 o.
774 1473 834 1524 700.

497 1590 652 1646 TULLIUS
671 1591 800 1647 TIRONI
818 1590 894 1645 SAL.
954 1577 956 1580 ¹

140 1699 148 1712 '
189 1701 203 1752 ι
289 1686 450 1756 Andricus
473 1691 627 1776 postridie
646 1692 687 1755 ad
705 1711 757 1755 me
775 1690 873 1774 venit,
897 1711 993 1774 quam
1016 1694 1182 1775 exspecta·

222 1798 305 1861 ram,
327 1777 436 1862 itaque
459 1779 559 1844 habui
581 1783 710 1844 noctem
732 1780 862 1862 plenam
883 1778 1008 1842 timoris
1032 1799 1071 1843 ac
1085 1781 1182 1844 mise-

222 1866 297 1930 rias.
343 1866 420 1932 'liris
448 1867 563 1932 litteris
590 1868 693 1932 nihilo
722 1889 793 1932 sum
815 1867 921 1931 factus
945 1867 1071 1951 certior,
1101 1889 1181 1951 quo·

221 1953 318 2019 modo
340 1957 373 2019 te
401 1955 549 2036 haberes,
576 1957 632 2020 sed
654 1959 764 2019 tamen
791 1977 863 2029 sum
888 1958 1059 2018 recreatus.
1104 1955 1180 2042 Ego

222 2043 311 2106 omni
338 2042 549 2108 delectatione
576 2043 754 2127 litterisque
787 2043 935 2108 omnibus
962 2063 1069 2126 careo,
1097 2065 1180 2127 quas
1210 2083 1212 2088 ,

163 2137 167 2150 ‘
222 2134 306 2214 ante,
329 2153 426 2215 quam
447 2135 480 2196 te
502 2133 626 2216 videro,
652 2132 812 2216 attingere
834 2152 902 2195 non
923 2152 1064 2214 possum.
1110 2131 1180 2196 Me-

222 2217 292 2284 dico
315 2219 469 2284 mercedis
497 2223 654 2304 quantum
681 2222 793 2304 poscet
820 2218 965 2302 promitti
991 2219 1115 2284 iubeto:
1145 2221 1180 2284 id

187 2307 335 2390 ascripsi
363 2308 404 2372 ad
427 2308 448 2386 †
471 2307 645 2372 Ummium.
690 2306 797 2372 Audio
829 2309 862 2371 te
894 2306 1002 2372 animo
1035 2308 1114 2392 angi
1146 2313 1180 2373 ct

220 2395 379 2459 medicum
407 2396 510 2459 dicere
539 2417 577 2460 ex
605 2417 642 2460 eo
669 2398 702 2458 te
728 2395 888 2460 laborare:
921 2395 948 2458 si
975 2417 1028 2459 me
1059 2396 1179 2482 diligis,

221 2483 325 2546 excita
347 2503 386 2546 ex
409 2503 522 2548 somno
540 2486 614 2548 tuas
632 2483 756 2548 litteras
773 2483 1082 2568 humanitatemque,
1103 2507 1178 2568 pro-

220 2572 293 2653 pter
320 2591 416 2653 quam
448 2569 528 2634 mihi
555 2592 589 2634 es
616 2571 812 2655 carissimum
843 2593 930 2635 nunc
958 2593 1039 2655 opus
1067 2576 1117 2636 est
1145 2577 1177 2637 te

221 2657 330 2722 animo
351 2659 466 2742 valere,
488 2662 526 2722 ut
548 2679 680 2743 corpore
702 2661 821 2743 possis:
844 2661 877 2724 id
896 2681 995 2743 quum
1017 2663 1084 2744 tua,
1106 2664 1177 2725 tum

220 2767 292 2810 mea
315 2768 413 2810 causa
433 2747 543 2832 facias,
566 2769 586 2811 a
607 2751 640 2812 ie
662 2751 747 2831 peto.
792 2747 948 2812 Acastum
970 2749 1088 2833 retine,
1111 2771 1176 2833 quo

221 2834 417 2900 commodius
435 2836 495 2900 tibi
513 2835 722 2901 ministretur.
759 2833 923 2901 Conserva
939 2838 972 2900 te
991 2837 1083 2900 mihi:
1108 2837 1176 2902 dies

219 2923 450 3004 promissorum
478 2925 583 3008 adest,
610 2946 705 3008 quem
733 2924 830 2989 etiam
857 2925 1120 3009 repraesentabo,
1150 2927 1177 2989 si

219 3008 394 3077 adveneris.
430 3011 540 3076 Etiam
562 3015 658 3096 atque
682 3013 779 3077 etiam
797 3013 877 3078 vale.
913 3028 959 3076 m.
982 3011 1059 3077 Idus
1079 3013 1112 3077 h.
1130 3031 1176 3078 va

288 3235 339 3308 Ep.
356 3243 396 3294 13.
425 3237 545 3292 Aradm'ci
559 3237 807 3377 (Enpveylbronner.)
846 3238 999 3294 Menandri
1016 3238 1063 3306 M,
1077 3239 1174 3308 vulgo.
1274 3277 1275 3294 t

216 3305 268 3375 Up.
280 3313 322 3375 14,
335 3314 357 3360 1.
381 3307 447 3373 ad†
462 3307 596 3363 Ummium

218 3378 256 3430 ad
278 3376 310 3429 U.
329 3377 375 3444 M,
393 3377 486 3448 vulgo.

660 3312 685 3380 .).
722 3311 760 3364 aa
778 3307 944 3365 saaraim
959 3309 1175 3378 marmandae
1274 3295 1275 3338 ³
