2578 3978
346 247 606 304 EPISTOLARUM
624 249 658 311 ΙΙ,
678 255 756 304 3-6.
989 252 1031 317 37

85 395 166 478 esset,
186 393 274 478 quod
289 413 346 458 eos
370 393 452 459 scire
474 396 532 458 aut
553 396 666 458 nostra
689 397 746 458 aut
768 395 913 480 ipsorum
934 396 1032 462 inter·

11 545 12 548 ,
84 485 168 547 esset:
192 485 231 546 tu
253 482 354 547 huius
377 482 504 568 generis
526 481 652 546 litteras
675 504 695 546 a
716 505 768 548 me
795 485 942 568 profecto
964 507 1032 552 non

82 573 250 654 exspectas3
271 573 405 635 tuarum
427 570 513 635 enim
535 593 643 635 rerum
661 572 853 638 domesticos
875 573 976 638 habes
999 578 1033 641 et

81 659 243 743 scriptores
266 662 300 723 et
322 659 465 743 nuntios,
486 659 523 724 in
540 658 620 724 meis
638 663 746 724 autem
763 661 860 726 rebus
877 661 961 726 nihil
982 667 1032 728 est

81 768 147 812 sane
168 747 257 812 novi.
303 745 442 831 Reliqua
468 750 546 812 sunt
574 748 785 832 epistolarum
812 771 933 836 genera
959 751 1032 836 duo,

81 857 151 920 quae
172 857 226 900 me
250 856 371 922 magno
390 857 485 920 opere
505 836 676 921 delectant,
698 859 800 902 unum
817 837 976 904 familiare
999 844 1032 905 et

79 923 224 1008 iocosum,
246 925 386 989 alterum
412 946 558 990 severum
586 927 619 989 et
641 945 748 1010 grave.
792 925 876 992 Utro
899 949 950 992 ms
973 929 1031 993 mi·

78 1034 131 1078 uus
153 1013 269 1079 deceat
294 1013 358 1098 uti,
384 1034 452 1078 non
478 1013 636 1098 intellige.
680 1013 813 1080 Iocems
839 1019 948 1080 tecum
973 1039 1032 1102 per

78 1102 217 1166 litteras?
247 1102 351 1166 civem
372 1100 553 1166 mehercule
576 1123 644 1166 non
665 1106 746 1188 puto
769 1125 852 1188 esse,
875 1105 931 1188 qui
952 1108 1032 1170 tem·

78 1192 204 1274 poribus
226 1191 281 1255 his
302 1189 406 1254 ridere
428 1191 540 1275 possit.
585 1189 640 1254 An
663 1190 793 1275 gravius
812 1191 934 1276 aliquid
957 1195 1031 1258 scri·

78 1279 167 1344 bam?
201 1279 280 1364 quid
310 1281 372 1364 est,
403 1280 490 1363 quod
521 1280 626 1364 possit
656 1279 798 1365 graviter
830 1303 849 1344 a
879 1277 1031 1347 Cicerone

79 1368 167 1432 scribi
195 1367 238 1432 ad
268 1364 455 1452 (lurionem,
482 1367 547 1433 nisi
573 1368 613 1432 de
635 1389 670 1432 rs
696 1369 848 1453 publica?
880 1371 971 1455 atqui
996 1371 1032 1436 in

78 1455 132 1521 hoc
154 1477 276 1543 genere
297 1456 378 1521 haec
400 1478 473 1522 mea
500 1478 598 1522 eausa
620 1460 682 1541 est,
708 1460 747 1522 ut
767 1479 862 1540 aeque
883 1479 932 1538 ea,
954 1480 1032 1542 quae

77 1547 175 1630 mutio,
193 1546 327 1610 audeam
339 1567 443 1630 neque
458 1567 504 1630 ea,
527 1566 609 1629 quae
623 1565 692 1610 non
705 1547 820 1632 sentio,
841 1547 938 1612 velim
956 1549 1032 1612 scri-

79 1633 155 1699 bere.
201 1632 428 1719 Quamobrem,
450 1634 604 1719 quoniam
625 1633 706 1698 mihi
727 1635 854 1699 nullum
872 1637 1032 1701 scribendi
1050 1649 1066 1696 a

78 1725 301 1808 argumentum
331 1723 480 1788 relictum
511 1725 575 1808 est,
606 1724 680 1786 utar
711 1745 750 1787 ea
779 1724 936 1810 clausula,
968 1746 1032 1810 qua

79 1812 168 1896 soleo,
189 1815 289 1897 teque
311 1811 352 1876 ad
376 1811 518 1876 studium
539 1831 682 1875 summae
700 1810 811 1877 laudis.
825 1811 1032 1898 cohorteb0r3

79 1902 123 1964 est
142 1901 231 1966 enim
254 1900 315 1965 tibi
334 1900 442 1986 gravis
461 1899 644 1964 adversaria
663 1900 840 1966 constituta
858 1904 891 1966 et
908 1906 1032 1987 parata,

78 1987 268 2054 incredibilis
296 1988 454 2073 quaedam
481 1989 691 2074 exspectatio,
721 2011 818 2074 quam
844 1993 882 2055 tu
908 2013 975 2055 una
996 2013 1031 2056 re

78 2075 222 2142 facillime
251 2077 373 2162 vinces,
403 2077 431 2142 ei
457 2076 521 2143 hoc
544 2079 708 2163 statoreris,
736 2099 873 2162 quarum
898 2079 1031 2145 laudum

79 2166 208 2250 gloriam
232 2165 407 2256 adamatis,
436 2166 552 2252 quibus
580 2167 703 2232 artibus
727 2187 783 2231 eae
811 2167 923 2231 laudes
947 2186 1031 2232 com·

78 2259 241 2340 parantur,
268 2255 305 2318 in
330 2255 371 2319 iis
397 2275 467 2320 esse
494 2255 735 2322 elaborandum.
780 2254 821 2320 In
846 2254 932 2320 banc
961 2276 1031 2320 sen-

78 2344 208 2408 tentiam
236 2343 409 2410 scriberem
434 2343 543 2429 plura,
573 2343 638 2410 nisi
664 2348 698 2409 te
724 2347 782 2410 tua
809 2347 925 2429 sponte
952 2344 1031 2410 satis

78 2430 244 2497 incitatum
266 2453 337 2498 esse
360 2432 567 2518 confiderem,
590 2435 624 2497 et
644 2432 721 2518 hoc,
751 2433 905 2519 quidquid
927 2434 1032 2520 attigi,

78 2540 140 2584 non
168 2521 233 2586 feci
269 2520 493 2586 inflammandi
522 2520 573 2590 tui
604 2541 715 2608 causa,
751 2522 806 2588 sed
837 2521 1032 2588 testificandi

79 2629 191 2676 amona
213 2630 288 2676 mer.

530 2801 572 2870 V.

352 2913 410 2972 eor.
428 2916 535 2972 Romae
554 2933 578 2972 a.
598 2935 625 2971 u.
644 2932 667 2971 c.
689 2923 747 2971 ror.

286 3039 334 3096 n.
355 3037 485 3096 crosco
504 3040 531 3096 s.
550 3039 583 3096 o.
603 3039 632 3096 c.
651 3037 811 3104 comem.
833 2996 844 3008 '

138 3137 229 3206 Haec
250 3142 384 3226 negotia
406 3140 568 3226 quomodo
596 3161 631 3205 se
652 3140 809 3224 babeant,
831 3160 873 3205 ne
895 3139 1032 3224 epistola
1052 3159 1066 3210 1

81 3225 202 3310 quidem
227 3251 361 3296 narrare
388 3229 500 3295 audeo.
550 3228 637 3313 Tibi,
666 3229 741 3314 etsi,
766 3228 959 3312 ubicumque
989 3247 1032 3310 es,

80 3317 115 3378 ut
139 3317 253 3403 scripsi
279 3318 321 3384 ad
347 3322 381 3382 te
408 3321 498 3403 ante,
528 3317 565 3383 in
591 3316 703 3383 eadem
732 3337 766 3382 cs
793 3316 883 3400 navi,
913 3318 1032 3398 tamen,

121 3495 126 3505 .
145 3523 196 3596 Ep.
215 3533 241 3595 4,
256 3533 280 3582 1.
316 3528 412 3594 sentio,
430 3527 555 3594 codrum,
573 3542 659 3596 acque
677 3523 820 3595 (Madvig,
835 3524 899 3592 W.).
936 3522 1031 3588 ustio,

81 3609 158 3666 arque
174 3596 205 3652 B.
241 3613 327 3668 ncesse
344 3615 385 3667 ca,
403 3613 473 3668 quae
489 3598 585 3665 scatio,
604 3598 721 3654 audeam
739 3611 792 3650 om.
810 3590 848 3650 u.
884 3623 885 3626 ¹
