2634 3988
247 210 313 274 324
527 209 564 264 n.
584 208 706 265 runnu
725 193 916 266 credamus

247 355 371 420 viderer
396 357 431 419 et
455 355 591 419 nimium
617 355 825 440 pertinaciter
852 354 974 440 Lepido
1001 355 1146 420 offensus
1173 359 1203 420 et

211 458 318 508 cinea
344 442 500 528 patientia
528 444 625 508 etiam
652 443 741 509 alere·
769 444 898 508 bellum.
948 443 1061 528 Itaque
1095 445 1202 527 copias

245 554 345 618 prope
381 533 416 596 in
452 535 661 616 conspectum
699 531 813 618 Lepidi
849 532 1048 617 Antoniique
1087 532 1203 596 adduxi

246 622 522 707 quadragintaque
545 621 670 685 milium
691 641 845 704 passuum
869 622 973 706 spatio
991 621 1107 687 relicto
1132 643 1202 687 con·

246 709 314 775 sedi
336 730 374 775 eo
398 709 549 793 consilio,
572 712 609 773 ut
631 709 682 774 vel
705 710 850 774 celeriter
864 710 1022 775 accedere
1044 711 1100 775 vel
1124 711 1202 774 salu·

245 799 359 864 tariter
379 798 521 882 recipere
543 819 594 862 me
616 819 754 881 possem.
799 797 942 863 Adiunxi
971 793 1051 864 haec
1073 799 1113 862 in
1134 800 1202 864 loco

246 887 408 974 eligendo,
439 886 559 951 flumen
590 887 787 971 oppositum
807 891 845 952 ut
874 887 1040 971 haberem,
1072 887 1111 951 in
1144 908 1202 970 quo

245 997 337 1042 mora
358 976 515 1041 transitus
538 978 631 1058 esset,
654 975 807 1041 Vocontii
830 976 890 1040 sub
914 998 1013 1041 manu
1030 978 1069 1041 ut
1088 979 1203 1057 essent,

245 1087 303 1150 per
326 1085 462 1149 quorum
483 1065 555 1129 loca
577 1063 714 1128 fideliter
740 1063 820 1129 mihi
842 1068 969 1148 pateret
993 1065 1065 1129 iter.
1114 1063 1202 1148 Lepi-

246 1154 305 1219 dus
328 1152 497 1239 desperato
520 1153 661 1218 adventu
684 1175 769 1236 meo,
793 1175 888 1236 quern
910 1174 978 1218 non
1000 1153 1203 1220 mediocriter

245 1239 729 1413 inclusarum
743 1242 928 1396 rrum
943 1240 1203 1397 aiunl·

361 1381 370 1414 7
1131 1380 1139 1413 l

246 1419 330 1504 ginti
352 1419 441 1484 milia
462 1439 617 1502 passuum
640 1441 738 1503 quum
762 1419 921 1502 abessent,
943 1441 994 1484 res
1017 1419 1101 1483 mihi
1125 1440 1202 1482 nun·

211 1508 328 1573 atiata
350 1511 407 1574 est.
456 1505 539 1572 Dedi
571 1528 702 1590 operam
734 1509 829 1573 deum
860 1508 1074 1593 benignitate,
1111 1509 1204 1572 utet

247 1596 391 1662 celeriter
414 1616 465 1660 me
488 1595 661 1680 reciperem
684 1600 718 1661 et
739 1597 792 1662 hic
815 1596 972 1662 discessus
999 1596 1082 1661 nihil
1108 1597 1202 1680 fugae

247 1685 350 1750 simile
376 1685 523 1750 haberet:
555 1706 623 1750 non
649 1686 741 1750 miles
768 1686 866 1769 ullae,
897 1707 965 1751 non
994 1705 1108 1770 eques,
1140 1705 1202 1748 non

248 1774 421 1858 quidquam
443 1773 746 1858 impedimentorum
769 1775 970 1839 amitteretur
993 1777 1050 1838 aut
1074 1775 1119 1838 ab
1142 1773 1201 1837 illis

246 1863 446 1928 ferventibus
467 1862 648 1927 latronibus
670 1863 923 1947 interciperetur.
964 1861 1077 1946 Itaque
1103 1861 1201 1946 pridie

249 1951 360 2018 Nonas
382 1950 493 2016 lunias
521 1972 632 2016 omnes
656 1951 765 2035 copias
788 1949 912 2017 Isaram
939 1952 1050 2016 traieci
1072 1954 1198 2035 pontes·

248 2062 322 2126 que,
345 2062 426 2125 quos
452 2040 606 2123 feceram,
635 2039 807 2124 interrupi,
833 2044 870 2105 ut
896 2043 929 2104 et
952 2040 1094 2125 spatium
1119 2038 1199 2104 colli-

248 2129 345 2216 gendi
381 2151 414 2194 se
449 2128 597 2194 homines
633 2127 791 2193 haberent
827 2131 860 2194 et
895 2149 956 2213 ego
992 2149 1043 2193 me
1079 2129 1200 2194 interea

247 2240 320 2284 cum
343 2218 468 2304 collega
490 2217 733 2301 coniungerem,
760 2238 856 2301 quem
878 2217 998 2300 triduo,
1022 2238 1124 2301 quum
1145 2217 1199 2280 has

212 2307 364 2372 4dabam
385 2307 524 2390 litteras,
551 2304 784 2388 exspectabam.
830 2304 1013 2370 Laterensis
1040 2306 1146 2372 nostri
1171 2307 1199 2367 et

247 2395 343 2460 fidem
366 2397 399 2458 et
421 2395 565 2460 animum
588 2393 784 2478 singularem
802 2394 837 2459 in
854 2415 921 2458 rem
939 2393 1103 2478 publicam
1124 2414 1198 2458 sem-

247 2505 305 2569 per
335 2483 475 2566 fatebor3
508 2482 564 2547 sed
596 2486 680 2546 certe
711 2483 812 2547 nimia
839 2483 907 2547 eius
938 2482 1198 2568 indulgentiam

248 2571 405 2657 Lepidum
432 2571 473 2635 ad
499 2570 580 2635 haec
606 2571 749 2672 pericula
775 2571 997 2672 perspicienda
1024 2571 1105 2636 fecit
1131 2591 1198 2635 eum

248 2661 355 2725 minus
383 2681 544 2746 sagacem,
574 2660 630 2744 qui
656 2659 785 2744 quidem
813 2681 912 2744 quum
938 2661 973 2724 in
999 2659 1146 2725 fraudem
1168 2679 1197 2722 se

249 2749 420 2814 deductum
451 2748 587 2833 rideret,
613 2770 743 2833 manus,
770 2770 850 2832 quas
881 2748 1037 2813 iustius'
1027 2769 1063 2813 ιιι
1090 2745 1197 2834 Lepidi

248 2838 421 2923 perniciem
445 2839 610 2920 armasset,
632 2837 693 2902 sibi
716 2837 829 2902 afferre
847 2841 982 2903 conatus
1005 2840 1064 2920 est,
1086 2838 1122 2903 in
1139 2855 1196 2922 quo

248 2949 324 2992 casu
350 2929 461 2991 tamen
487 2926 711 3010 interpellatus
739 2930 772 2990 et
794 2925 899 2990 adhuc
925 2927 1006 2991 vivit
991 2888 1066 2991 tei
1088 2926 1195 2992 dicitur

247 3016 403 3098 victurus,
426 3015 482 3079 sed
503 3017 615 3079 tamen
637 3014 676 3078 de
693 3014 756 3079 hoc
773 3035 888 3098 parum
906 3015 986 3079 mihi
1004 3017 1127 3079 certum
1145 3015 1196 3078 est.
1265 3075 1266 3090 ,

212 3103 369 3190 sMagno
397 3125 469 3168 cum
498 3103 608 3168 dolore
639 3103 871 3187 parricidarum
898 3104 1025 3188 elapsus
1053 3125 1125 3167 sum
1150 3102 1194 3180 iis5

246 3194 421 3258 veniebant
406 3192 525 3257 tenim
543 3192 656 3257 eodem
672 3192 781 3264 furore
799 3192 835 3257 in
852 3213 912 3276 me,
926 3213 989 3276 quo
1007 3193 1042 3256 in
1056 3193 1195 3276 patriam,

317 3350 368 3420 Ep.
387 3356 470 3418 23,.3
507 3351 628 3406 liaberet:
645 3365 702 3404 noa
721 3349 796 3418 (W.).
832 3351 868 3416 lu,
885 3364 942 3404 aon
960 3349 1107 3419 vulgo.'—
1130 3353 1159 3402 ut
1174 3349 1195 3398 et
1265 3371 1266 3412 ι

247 3435 287 3486 ap.
306 3369 451 3490 collipeadi
472 3437 499 3475 se
527 3421 596 3489 (We
614 3425 646 3473 ut
664 3425 689 3474 et
706 3435 746 3488 sp
766 3419 817 3488 L.)
861 3425 894 3476 at
916 3435 957 3489 sp.
977 3425 1002 3474 et
1025 3420 1194 3490 rettinendum
1265 3415 1266 3446 l

248 3489 328 3543 seli.
365 3495 453 3559 atcp.
473 3493 510 3548 od
529 3490 708 3560 contuendum
730 3490 811 3545 eeB.
858 3497 881 3546 5.
909 3495 954 3546 eat.
989 3491 1097 3561 Mapno
1123 3489 1192 3559 (lla).

249 3563 287 3612 est
305 3575 417 3629 emaque
434 3560 908 3631 M1.ect.EyomoqaoL.,B
