2578 3978
242 237 288 302 44
497 277 499 280 -
528 237 566 292 M.
586 236 711 293 TULLII
730 234 921 291 CICERONIS

244 382 402 466 quitatem
420 384 453 447 et
471 385 604 466 propter
622 380 793 447 latrocinia
810 380 993 445 tardissime
1011 377 1122 445 omnia
1133 401 1215 464 per·
1274 381 1275 432 3

242 471 401 536 ferentum.
437 474 480 535 Et
501 493 601 555 quum
624 471 778 556 gratulor,
800 473 871 534 tum
889 490 975 552 vero,
997 468 1114 552 quibus
1136 490 1216 533 ver·
1274 523 1275 526 ,

243 560 294 625 bis
316 559 377 625 tibi
400 559 524 645 gratias
547 581 652 644 agam,
674 581 743 624 non
764 558 899 643 reperio,
921 557 1008 642 quod
1029 557 1077 621 ita
1099 557 1216 622 faetus

245 649 303 733 sis,
330 651 368 713 ut
390 648 516 712 dederis
538 648 646 732 nobis,
674 646 944 732 quemadmodum
967 645 1142 730 scripseras
1169 647 1216 710 ad
1274 667 1275 704 ;

244 758 296 801 mo
300 758 428 821 ,quem
451 757 578 822 semper
605 735 709 801 ridere
732 756 909 838 possemus.
952 734 1083 819 Itaque,
1106 757 1216 818 quum
1274 767 1275 806 ι

244 825 385 910 primum
413 824 534 910 audiri,
566 845 627 910 ego
654 824 752 889 ille
741 845 811 909 upse
838 824 944 888 faetus
972 845 1044 888 sum
1067 857 1111 870 -
1135 823 1216 907 seis,
1274 833 1275 864 ³

245 934 342 997 quem
373 913 547 978 dioam-
575 913 691 998 egique
728 933 839 979 omnes
870 912 944 977 illos
976 911 1275 1000 adolescentes,

209 1020 326 1086 equos
349 1001 404 1066 ille
427 1001 506 1066 aotit
491 1003 550 1066 t.at
585 1001 800 1067 Difficilet
750 1004 800 1067 eet
821 1001 924 1084 loqui3
946 1004 979 1064 te
1003 1003 1113 1064 autem
1132 1021 1215 1066 oon·
1274 1013 1275 1046 ³

244 1091 406 1174 templana
430 1091 653 1156 absentemet
676 1090 768 1175 quasi
788 1093 898 1154 teeum
917 1110 1025 1154 eoram
1042 1089 1214 1173 loquerer:
1274 1113 1275 1172 ι

289 1245 358 1291 non
375 1224 500 1310 edepol,
518 1226 674 1308 quantam
691 1245 760 1288 rem
779 1222 892 1309 egeris,
909 1243 1024 1308 neque,
1047 1225 1215 1306 quantum
1274 1225 1275 1308 ξ

564 1311 690 1386 facinus
713 1312 844 1395 feeeris3
1274 1319 1275 1328 ’

246 1442 333 1527 quod
356 1443 432 1527 quia
449 1445 577 1527 praeter
596 1443 782 1527 opinionem
800 1443 881 1509 mihi
899 1444 1068 1528 acciderat,
1089 1443 1214 1508 refere-

218 1531 322 1639 'bam
345 1553 396 1595 me
420 1530 461 1594 ad
483 1531 576 1596 illud:
1274 1531 1275 1560 ι

289 1661 477 1728 incredibile
499 1663 578 1729 hoo
583 1665 673 1729 faotu
697 1663 859 1747 obiicitur,
1178 1703 1180 1710 ·

245 1799 378 1880 repente
406 1817 482 1861 vero
509 1796 628 1861 inoessi
653 1796 822 1881 „omnibus
849 1795 981 1860 laetitiis
1008 1794 1150 1882 laetus“3
1177 1797 1213 1860 in
1274 1797 1275 1862 l

247 1905 311 1967 quo
346 1905 445 1968 quum
472 1884 674 1970 obiurgaret,
706 1884 794 1968 quod
823 1883 925 1976 nimio
953 1884 1073 1970 gaudio
1101 1907 1210 1970 paene
1274 1867 1275 1980 l

246 1971 434 2056 desiperem,
456 1973 504 2037 ite
525 1993 577 2038 me
600 1967 851 2062 defendebam:

291 2125 352 2190 ego
374 2105 576 2190 voluptatem
599 2105 698 2170 animi
720 2104 895 2169 nimiam..

247 2237 324 2321 quid
347 2238 497 2321 quaeris?
524 2237 601 2303 dum
627 2211 720 2303 illuni
746 2236 849 2323 rideo,
875 2258 978 2321 paene
1006 2259 1079 2302 sum
1101 2238 1171 2304 fact
1156 2242 1209 2303 tus

211 2325 310 2390 eille.
356 2323 418 2389 Sed
440 2325 521 2390 haee
542 2325 689 2428 pluribus
711 2326 875 2409 multaque
904 2325 968 2389 alia
995 2329 1029 2390 et
1056 2326 1096 2391 de
1119 2331 1154 2392 ta
1177 2330 1209 2392 et

247 2410 289 2476 ad
311 2414 357 2496 te,
385 2434 484 2497 quum
511 2413 650 2497 primum
678 2435 732 2478 ero
756 2413 876 2498 aliquid
903 2418 1019 2479 nactus
1047 2415 1117 2482 οιιι.
1164 2414 1207 2478 Te

247 2519 337 2584 vero,
368 2500 414 2566 mi
444 2500 543 2586 Rufe,
575 2501 687 2587 diligo,
719 2523 814 2587 quem
845 2501 926 2566 mihi
956 2502 1092 2568 fortuna
1120 2503 1208 2570 dedit
1274 2561 1275 2570 ,

248 2587 514 2690 amplificatorem
536 2589 641 2675 dignit
642 2591 704 2655 atis
726 2610 830 2674 meae,
856 2591 996 2656 ultorem
1017 2612 1088 2657 non
1110 2592 1207 2658 modo
1274 2577 1275 2672 l

247 2675 464 2760 inimieorum,
491 2677 668 2743 sedetiam
694 2677 877 2744 invidorum
899 2700 1059 2763 meorum,
1086 2685 1126 2746 ut
1153 2699 1206 2744 eos
1274 2683 1275 2750 l

247 2765 367 2849 partim
390 2767 546 2831 scelerum
568 2787 712 2846 suorum,
739 2766 859 2852 partim
885 2766 984 2832 etiam
1010 2768 1207 2854 ineptiarum
1274 2763 1275 2830 3

247 2853 439 2937 poeniteres
1274 2847 1275 2932 l

248 3189 312 3240 mu
303 3113 456 3240 Εᾶθβ.
491 3115 576 3184 lmus
556 3115 1034 3198 sauuampavaoiaeaa„
1034 3119 1204 3176 ιιιιιιιιιι·

330 3187 341 3256 (
371 3185 484 3258 advig..)
520 3201 545 3241 ι.
563 3187 636 3254 „ine
656 3201 679 3242 o.
698 3187 773 3244 ΗΖ
790 3186 886 3259 vulgo.

1274 3683 1275 3740 l

1274 3769 1275 3808 ι

1274 3894 1275 3942 l
