2644 3988
419 230 679 286 uPISl'OLARUM
697 231 757 286 XII.
778 237 819 286 16.
1033 232 1096 296 397

141 397 246 458 neque
273 375 455 440 imminenti
482 375 597 440 ltaliae
624 376 759 460 urbique
790 379 920 442 nostrae
947 377 1100 461 periculo,

141 465 170 530 si
188 464 244 528 ille
261 464 421 548 parricida
439 485 511 528 cum
529 464 595 530 suis
613 464 793 530 latronibus
812 466 948 530 navibus
967 487 1006 530 ex
1018 465 1099 530 Asia

142 551 299 636 Syriaque
327 553 477 636 expulsus
504 552 632 618 Italiam
663 553 809 637 petisset,
836 553 970 638 mederi,
1000 575 1098 638 quum

142 641 238 706 facile
261 645 403 725 possent,
424 642 604 706 voluerunt.
639 640 814 708 Nonnullis
837 643 935 707 etiam
952 642 1015 727 ipsi
1032 659 1133 707 maa

143 730 299 814 gistratus
327 730 501 794 veniebant
526 730 561 795 in
590 731 804 814 suspicionem
836 729 1011 796 detinuisse
1037 753 1098 796 nos

143 822 177 882 et
205 818 362 882 demorati
394 839 476 901 esse,
511 819 588 883 dum
618 819 730 884 classis
761 818 949 885 Dolabellae
982 821 1099 885 certior

143 907 236 972 fieret
263 906 301 970 de
333 907 474 972 adventu
500 909 627 991 nostro;
659 929 756 992 quam
783 909 998 992 suspicionem
1025 929 1098 974 oon-

144 998 273 1059 secutae
296 1016 347 1059 res
370 995 494 1079 aliquot
515 999 687 1079 auxerunt,
713 997 850 1060 maxime
878 997 964 1080 quod
991 997 1098 1062 subito

143 1105 185 1148 ex
199 1083 296 1167 Lycia
316 1081 385 1148 Sex.
406 1083 528 1149 Marius
546 1089 579 1148 ct
597 1082 631 1149 Ο.
650 1085 763 1167 Titius,
785 1086 885 1170 legati
903 1084 1099 1169 Dolabellae,
1139 1083 1141 1088 ’

145 1193 166 1236 a
197 1173 298 1236 clause
330 1172 544 1238 discesserunt
578 1173 717 1257 navique
752 1175 852 1259 longa
886 1174 1100 1258 profugerunt

144 1260 301 1326 onerariis
328 1261 460 1343 relictis,
490 1262 526 1325 in
553 1260 668 1345 quibus
698 1262 886 1347 colligendis
913 1283 981 1326 non
1007 1262 1099 1326 mini·

145 1369 235 1414 mum
261 1350 416 1432 temporis
443 1351 625 1434 laborisque
655 1355 928 1434 consumpserant.
977 1349 1100 1434 Itaque,

144 1459 246 1520 quum
269 1438 309 1502 ab
332 1436 448 1504 Rhodo
472 1459 544 1504 cum
567 1440 620 1517 iis,
647 1461 726 1523 quas
755 1439 984 1523 habueramus,
1010 1439 1099 1504 navi·

145 1526 208 1589 bus
230 1526 265 1589 in
288 1526 418 1611 Lyciam
441 1527 651 1611 venissemuS,
673 1548 772 1592 naves
795 1528 959 1592 onerarias
981 1529 1099 1611 recepi-

146 1636 219 1678 mus
233 1614 433 1698 dominisque
450 1615 656 1700 restituimus,
672 1616 842 1701 iidemque,
859 1616 945 1700 quod
963 1617 1100 1681 maxime

146 1702 344 1788 verebamur,
366 1725 407 1768 ne
430 1709 540 1787 posset
557 1704 727 1769 Dolabella
745 1727 817 1768 cum
836 1705 902 1769 suis
920 1705 1100 1770 latronibus

145 1791 182 1854 in
204 1790 333 1856 Italiam
355 1792 473 1876 venire,
496 1792 608 1857 timere
631 1793 794 1857 desiimus:
819 1794 953 1857 classem
974 1793 1100 1878 fugien-

146 1883 213 1944 tem
240 1882 398 1964 persecuti
430 1903 539 1945 sumus
569 1903 670 1965 usque
697 1879 820 1964 Sidam,
852 1902 933 1964 quae
960 1884 1101 1946 extrema

146 1968 237 2052 regio
269 1972 319 2033 est
349 1970 532 2053 provinciae
563 1991 661 2034 meae.
718 1968 769 2034 Ibi
804 1969 942 2054 cognovi
976 1972 1135 2052 partema

145 2057 280 2121 navium
306 2057 494 2123 Dolabellae
516 2058 697 2143 diffugisse,
722 2057 862 2141 reliquas
889 2055 1015 2140 Syriam
1042 2055 1101 2141 cy-

147 2166 304 2228 prumque
327 2147 457 2230 petisse:
485 2147 601 2230 quibus
624 2146 778 2230 disiectis,
804 2167 904 2229 quum
931 2145 1045 2209 scirem
1067 2144 1101 2210 O.

147 2230 267 2317 Cassii,
293 2235 465 2320 singularis
488 2235 566 2300 civis
593 2237 627 2299 et
648 2234 752 2317 ducis,
773 2234 908 2298 classem
929 2233 1102 2298 maximam

147 2321 219 2384 fore
245 2328 373 2406 praesto
404 2325 439 2388 in
467 2322 572 2409 Syria,
603 2323 643 2387 ad
670 2345 777 2387 meum
808 2322 950 2388 officium
977 2322 1102 2405 reverti,

147 2409 295 2494 daboque
315 2433 454 2496 operam,
476 2417 513 2477 ut
530 2433 638 2476 meum
656 2411 806 2495 studium,
829 2410 1029 2496 diligentiam
1047 2432 1101 2475 vo·

147 2498 212 2582 bis,
239 2521 270 2583 p.
293 2521 332 2584 a,
362 2501 472 2584 reique
499 2501 645 2585 publicae
671 2503 844 2585 praestem,
871 2500 1102 2584 pecuniamque

147 2607 245 2668 quam
271 2589 444 2653 maximam
470 2595 583 2672 potero
611 2593 644 2654 et
670 2611 768 2672 quam
799 2589 960 2652 celerrime
988 2609 1102 2674 cogam

147 2675 361 2761 omnibusque
383 2678 562 2743 rationibus
589 2677 630 2742 ad
653 2699 710 2742 vos
733 2676 869 2741 mittam.
914 2675 949 2740 Si
975 2697 1102 2760 percur-

147 2783 220 2828 rero
252 2765 451 2848 provinciam
483 2769 516 2829 et
546 2785 742 2849 cognovero,
778 2765 833 2848 qui
864 2764 959 2828 nobis
992 2768 1025 2827 et
1055 2765 1102 2828 rei

146 2851 295 2934 publicae
317 2854 413 2919 fidem
431 2855 651 2938 praestiterint
672 2854 708 2917 in
725 2851 945 2917 conservanda
966 2852 1102 2936 pecunia

147 2959 168 3002 a
190 2961 242 3004 me
265 2942 424 3027 deposita,
454 2943 570 3026 quique
594 2943 711 3006 scelere
733 2942 819 3005 ultro
842 2940 1021 3006 deferentes
1048 2962 1102 3024 pe-

146 3029 277 3093 cuniam
299 3031 461 3114 publicam
483 3032 546 3096 hoc
566 3051 699 3094 munere
719 3029 904 3093 societatem
921 3029 1102 3093 facinorum

146 3137 221 3180 oum
247 3117 417 3183 Dolabella
444 3120 588 3202 inierint,
619 3118 737 3182 faciam
762 3139 820 3182 vos
848 3117 1007 3182 certiores.
1052 3114 1101 3180 De

145 3205 277 3289 quibus,
305 3208 331 3271 si
354 3208 446 3273 vobis
466 3208 641 3292 videbitur,
664 3207 705 3291 si,
727 3209 764 3270 ut
786 3206 892 3270 meriti
914 3207 1003 3287 sunt,
1030 3223 1101 3288 gra·

146 3293 229 3358 viter
252 3296 482 3361 constitueritis
505 3317 627 3380 nosque
649 3298 756 3359 vestra
784 3293 973 3358 auctoritate
995 3292 1100 3356 firma·

218 3502 270 3572 Ep.
296 3510 341 3571 15,
355 3511 380 3558 6.
408 3505 529 3559 auctam
547 3505 767 3573 ddiyentiamqac
785 3501 868 3570 (W.)l
888 3531 921 3542 -
943 3517 974 3569 p.
992 3516 1014 3556 c.
1033 3500 1100 3568 (lt).

141 3579 239 3644 pamas
256 3576 404 3644 conscripti
421 3575 515 3646 vulgo.
534 3605 569 3614 -—
587 3575 713 3629 scelerate
739 3574 812 3628 altro
836 3573 906 3639 (lile
