2578 3982
231 213 297 277 610
513 213 551 265 Μ.
570 211 693 266 TULLII
711 209 903 265 CICERONIS

230 357 350 422 habeat
363 360 521 433 senatum,
539 359 580 440 et,
598 355 684 440 qnod
697 352 836 419 Gabinia
853 356 1005 419 sanctum
1025 353 1083 438 sit,
1104 355 1213 418 etiam
1263 341 1264 428 3

232 445 304 530 cogi
332 467 371 509 ex
397 444 470 510 Kal.
496 443 590 509 Febr.
617 465 718 527 usque
745 442 787 507 ad
812 441 885 507 Kal.
907 441 1059 507 Martias
1081 431 1264 527 legatis
1263 461 1264 516 3

232 537 380 598 senatum
402 532 544 616 quotidie
563 531 652 596 dare:
674 533 721 596 ita
739 533 896 614 putantur
913 531 1047 595 detrudi
1067 532 1213 596 comitia
1263 519 1264 574 i

231 623 268 687 in
289 643 433 686 mensem
463 619 632 702 Martium3
663 619 720 684 sed
751 623 862 683 tamen
892 617 943 683 his
973 618 1211 684 comitialibus

232 709 353 776 tribuni
376 711 420 793 p.l
443 709 482 772 de
501 707 638 772 Gabinio
662 729 696 772 se
719 711 848 772 acturos
871 728 940 772 esse
961 707 1093 772 dicunt.
1132 705 1211 772 Om-

233 799 289 864 nia
311 799 438 882 colligo,
460 801 498 862 ut
519 797 596 862 novi
618 795 756 860 scribam
778 795 900 879 aliquid
921 794 963 860 ad
986 798 1035 876 ιθ,
1069 795 1151 878 sed,
1175 801 1212 860 nt

206 886 337 969 rudes,
363 907 415 950 res
439 885 583 969 meipsa
610 884 729 949 deficit:
757 884 867 967 itaque
894 883 936 947 ad
958 843 1210 949 Callistheriem

234 978 268 1040 et
289 974 330 1039 ad
352 973 525 1038 Philistum
546 971 694 1056 redeo,
684 993 720 1036 ιιι
746 972 862 1055 quibus
888 975 921 1036 te
947 971 1046 1036 video
1072 973 1210 1038 voluta·

233 1066 313 1128 t.um
356 1059 569 1128 Callisthenes
591 1060 720 1144 quidem
743 1060 876 1146 vulgare
899 1063 932 1124 et
952 1063 1077 1124 notum
1101 1082 1208 1146 nego

233 1153 329 1236 tium,
365 1148 634 1235 quemadmodum
666 1148 790 1232 aliquot
820 1147 933 1213 Graeci
959 1145 1078 1213 locuti
1113 1153 1208 1214 sunt:

235 1201 361 1305 Siculbs
388 1239 442 1303 ille
469 1237 629 1321 capitalis,
652 1237 775 1320 creber,
796 1239 923 1318 acutus,
944 1236 1056 1301 brevis
1061 1259 1208 1322 ,paene

234 1328 371 1413 pusillus
390 1326 605 1410 Thucydidem
627 1325 693 1406 sed,
716 1328 807 1390 utros
830 1325 898 1389 eius
915 1286 1075 1390 habueris
1100 1326 1207 1392 libros

234 1416 365 1479 -duo
389 1416 475 1479 enim
499 1419 576 1479 sunt
598 1434 798 1496 corpora-
821 1435 864 1477 an
887 1417 1055 1514 utrosque,
1079 1415 1206 1480 nescio.

234 1502 288 1568 Me
319 1503 424 1586 magis
454 1502 512 1586 „de
539 1500 715 1586 Dionysio“
743 1502 893 1566 delectat
885 1503 994 1584 ,ipse
1026 1505 1084 1566 est
1116 1504 1205 1568 enim

236 1593 397 1656 veterator
423 1610 561 1674 magnus
594 1593 627 1654 et
653 1589 879 1673 perfamiliaris
904 1588 1043 1654 Philisto
1076 1589 1205 1676 Diony·

237 1681 312 1745 sius.
357 1675 434 1762 Sed,
465 1677 551 1761 qnod
579 1678 725 1762 ascribis,
756 1677 995 1763 aggrediarisne
1023 1678 1070 1743 ad
1100 1679 1205 1745 histo-

235 1769 334 1852 riam,
364 1788 416 1831 me
444 1770 573 1830 auctore
607 1769 713 1849 potes,
744 1770 789 1850 et,
821 1767 971 1849 quoniam
1005 1766 1204 1834 tabellarios

237 1856 474 1938 subministras,
502 1855 650 1921 hodierni
673 1854 735 1918 diei
757 1875 809 1918 res
832 1857 939 1938 gestas
960 1852 1203 1938 Lupercalibus

236 1945 379 2009 habebis.
431 1941 564 2008 Oblecta
595 1946 629 2006 te
660 1963 733 2007 cum
765 1940 918 2007 Cicerone
949 1947 1067 2010 nostro
1104 1967 1203 2031 quarn

132 2088 134 2092 .
236 2032 420 2100 bellissime.

608 2221 682 2320 xn-
707 2219 842 2310 [ιιι

256 2337 312 2394 Ser.
331 2338 361 2393 in
379 2337 503 2393 Cumano
521 2335 567 2392 vel
584 2334 755 2404 Pompeiano
774 2351 869 2391 mense
886 2335 961 2390 Maio
980 2351 1004 2389 a
1025 2353 1053 2390 ιι.
1073 2353 1100 2392 c.
1123 2345 1186 2395 700.

341 2459 508 2515 MARCUS
527 2457 682 2529 QUINTO
700 2457 862 2514 FRATRI
878 2457 1088 2515 SALUTEM.

213 2587 224 2627 ι
305 2559 395 2625 Duas
418 2559 522 2624 adhuc
544 2580 565 2622 a
586 2561 619 2622 te
640 2560 748 2643 accepi
771 2559 931 2644 epistolas,
954 2580 1095 2642 quarum
1120 2563 1198 2628 alte·

238 2669 308 2715 ram
330 2649 364 2713 in
387 2649 458 2734 ipso
482 2646 622 2712 discessu
651 2652 777 2730 nostro,
804 2649 850 2711 alt
837 2651 938 2711 teram
960 2647 1114 2714 Arimino
1144 2652 1199 2716 da-

237 2743 318 2822 tam3
340 2739 458 2823 plures,
481 2758 561 2820 quas
579 2735 692 2801 scribis
710 2740 742 2800 te
761 2698 893 2819 dedisse,
912 2756 979 2800 non
997 2756 1198 2821 acceperam.

237 2827 310 2912 Ego
343 2847 394 2890 me
425 2827 460 2888 in
492 2823 636 2890 Cumano
665 2827 697 2887 et
725 2822 935 2908 Pompeiano,
966 2828 1198 2910 praeterquam

238 2914 323 2998 quod
352 2913 422 2976 sine
448 2916 495 2994 te,
521 2917 661 2976 ceterum
690 2914 740 2976 sat
741 2912 768 2976 is
726 2911 961 2977 tcommode
989 2912 1197 2982 oblectabam

239 3005 271 3066 et
294 3020 381 3065 eram
402 2999 438 3062 in
465 2962 577 3063 iisdem
604 3001 682 3065 locis
710 3021 810 3084 usque
837 3001 878 3065 ad
904 2999 976 3064 Kal.
1003 2998 1118 3067 Iunias
1145 3003 1195 3069 fu-

237 3092 339 3155 turus.
376 3084 560 3151 Soribebanr
577 3089 642 3171 illa,
665 3109 746 3171 quae
766 3088 907 3153 dixeram
924 3084 1088 3168 πολιτικά,
1114 3093 1194 3174 spis·

239 3199 310 3242 sum
332 3195 408 3240 sane
437 3196 517 3258 opus
544 3178 577 3240 et
604 3196 786 3260 operosum3
814 3176 883 3261 sed,
910 3177 937 3240 si
963 3197 1002 3242 ex
1030 3181 1194 3246 sententia

308 3401 453 3470 Ε11,4.
488 3401 712 3472 ,deDiouqsio“
730 3401 805 3472 (Ν.)
846 3401 933 3458 ἀοι)
952 3403 1099 3474 vulo
1124 3405 1192 3462 Pti-

240 3471 302 3526 licto
349 3472 479 3543 loaysius.
517 3472 571 3527 Sed
590 3471 651 3538 (nh,
670 3471 783 3539 2οιιι,
803 3473 871 3541 RI).
923 3473 957 3528 P
986 3421 1039 3528 Sed
1057 3473 1141 3545 Crat,
1159 3478 1190 3532 B

239 3540 291 3611 Ep
311 3545 392 3611 12,.1
428 3557 546 3612 quorum
564 3512 677 3598 olterdm
694 3541 777 3596 MRI.
780 3543 899 3614 ,.vulgo
937 3544 983 3615 [q]
1002 3561 1028 3598 α
1046 3544 1123 3616 Era,
1142 3547 1171 3601 Β.
