2568 3980
267 205 332 272 144
547 204 584 260 Μ.
604 203 727 260 TULLII
744 202 934 260 CICERONIS

228 349 372 415 ssorum
395 368 563 414 commune
587 348 643 433 sit,
664 346 813 414 vicinitas
836 369 904 416 non
924 347 1106 433 requiritur
1157 345 1233 412 Sed

265 460 343 507 casu
365 437 474 504 nescio
498 458 561 520 quo
583 437 619 502 in
637 459 676 504 ea
693 440 840 522 tempora
857 439 970 502 nostra
988 439 1078 502 aetas
1099 435 1233 520 incidit,

264 529 432 611 utquam
454 525 591 593 maxime
613 525 727 592 florere
748 547 808 592 nos
828 528 1000 609 oporteret,
1022 528 1092 590 tum
1112 525 1231 590 uivere

266 616 363 680 etiam
390 615 540 700 puderet;
571 614 657 699 quod
685 614 771 680 enim
798 634 867 679 esse
893 616 1022 698 poterat
1048 612 1129 680 mihi
1152 634 1231 697 per-

264 704 391 789 fugium
417 703 557 788 spoliato
585 705 619 766 et
645 701 827 770 domesticis
854 705 887 766 et
872 701 1096 768 tforensibus
1128 723 1231 768 orna-

265 793 384 858 mentis
406 795 503 876 atque
530 789 676 858 solatiis?
705 791 845 944 litterae,
872 789 980 874 eredo,
1008 789 1125 874 quibus
1148 793 1233 855 utor

266 880 402 964 assidue,
425 880 502 965 quid
524 880 611 944 enim
630 879 752 948 aliudf
749 900 841 947 acere
859 877 1013 962 possum?
1034 878 1092 944 sad
1112 879 1230 944 nescio

266 989 330 1052 quo
353 969 482 1034 modo
470 989 561 1053 ipsae
582 968 658 1036 illae
681 958 847 1036 excludere
869 987 921 1032 me
943 970 1079 1067 apertu
1101 969 1135 1032 et
1153 989 1231 1051 per-

265 1057 357 1143 fugio
380 1056 530 1122 videntum
553 1059 586 1121 et
604 1057 696 1140 quasi
714 1057 915 1140 exprobrare,
938 1055 1055 1139 quod'
1045 1077 1081 1120 ιιι
1099 1076 1139 1119 ea
1157 1057 1230 1122 vita

266 1167 428 1230 maneam,
454 1146 489 1210 in
517 1167 581 1230 qua
601 1145 685 1209 nihil
707 1145 786 1209 insit
806 1144 871 1208 nisi
892 1143 1083 1228 propagatio
1111 1144 1231 1208 miser-

230 1245 249 1295 4
266 1234 340 1299 rimi
360 1234 525 1319 temporis.
560 1232 624 1297 Hic
645 1236 683 1297 ιιι
704 1253 753 1298 me
773 1233 813 1297 ab
835 1254 874 1297 ea
895 1233 1007 1298 abesse
1025 1231 1103 1296 urbe
1126 1233 1231 1297 mira·

265 1323 320 1407 ria,
341 1322 377 1386 in
392 1344 463 1406 qua
490 1321 603 1385 domus
630 1321 713 1385 nihil
739 1319 897 1386 delectare
919 1320 1034 1406 possit,
1061 1342 1230 1386 summurn

267 1410 310 1474 sit
332 1410 441 1475 odium
463 1412 645 1493 temporum
662 1407 840 1492 hominum,
861 1409 924 1474 fori
943 1407 1071 1473 euriae?
1106 1407 1230 1494 Itaque

267 1498 313 1562 eie
334 1498 451 1562 litteris
474 1501 561 1581 utor,
586 1497 622 1561 in
645 1497 760 1581 quibus
784 1518 939 1562 consumo
969 1517 1064 1562 omne
1085 1506 1230 1582 tempus,

266 1608 335 1652 non
352 1590 390 1652 ut
407 1586 448 1650 ab
466 1586 506 1650 iis
523 1586 715 1653 medicinam
732 1589 930 1671 perpetuam,
948 1585 1003 1651 sed
1022 1589 1059 1650 ut
1071 1585 1230 1671 exiguam

231 1674 463 1743 toblivionem
489 1674 609 1740 doloris
636 1679 754 1760 petam.
800 1672 892 1750 Quod
924 1674 952 1738 si
980 1674 1014 1738 id
1045 1674 1229 1758 egissemus

267 1783 328 1849 ego
356 1767 452 1847 atque
478 1766 529 1848 tn,
560 1763 647 1848 quod
673 1784 715 1828 ne
741 1764 777 1828 in
802 1766 944 1828 mentem
971 1761 1101 1847 quidem
1126 1763 1228 1830 nobis

266 1852 416 1916 veniebat
437 1855 570 1936 propter
597 1851 801 1936 quotidianos
829 1854 948 1936 metus,
973 1852 1002 1916 ei
1024 1872 1120 1916 omne
1144 1855 1227 1917 tem-
1275 1905 1276 1936 ,

266 1962 327 2025 pus
350 1961 416 2006 una
441 1940 626 2024 fuissemus,
655 1961 759 2026 neque
786 1961 837 2006 me
864 1939 1014 2005 valetudo
1042 1943 1100 2004 tua
1123 1941 1227 2006 offen·
1275 1943 1276 1973 ³

267 2029 357 2095 deret
378 2050 482 2113 neque
504 2032 538 2094 te
559 2050 686 2096 maeror
708 2050 808 2094 meus.
848 2027 950 2110 Quod,
972 2032 1131 2112 quantum
1154 2030 1227 2094 fieri
1274 2111 1275 2114 Ἴ

266 2118 395 2202 poterit,
408 2139 655 2202 consequamur3
677 2117 754 2202 quid
768 2117 854 2184 enim
868 2120 918 2182 est
932 2117 1060 2201 utrique
1074 2121 1227 2184 nostrum
1274 2161 1275 2170 2

266 2207 396 2292 aptius?
419 2206 605 2291 propediem
626 2209 659 2272 te
681 2205 781 2290 igitur
803 2205 927 2271 videbo.
1274 2175 1275 2243 l

699 2397 787 2464 XVI.

603 2508 660 2566 Ser.
679 2527 752 2568 anno
770 2511 884 2568 incerto.

509 2631 546 2690 M.
566 2631 694 2692 CICERO
714 2634 740 2690 S.
759 2635 792 2690 D.
812 2635 844 2692 Τ.
864 2635 972 2692 TITIO.

234 2745 249 2794 ι
334 2732 407 2800 Etsi
428 2755 513 2804 unus
540 2755 579 2798 ex
601 2735 751 2802 omnibus
772 2735 905 2802 minime
928 2757 1000 2802 sum
1026 2735 1068 2800 ad
1090 2739 1125 2801 te
1147 2758 1224 2804 con·
1272 2719 1273 2786 l

268 2823 439 2888 solandum
461 2823 728 2907 accommodatur,
751 2823 837 2907 quod
854 2827 984 2890 tantum
1004 2844 1045 2890 ex
1066 2825 1133 2890 tuis
1157 2848 1224 2891 mo-

267 2911 369 2976 lestiis
401 2911 471 2995 cepi
502 2911 634 2996 doloris,
665 2915 703 2976 ut
733 2912 953 2978 consolatione
984 2913 1053 2998 ipse
1085 2933 1225 2998 egerem,
1271 2973 1272 2976 ,

267 3003 390 3082 tamem
420 3021 520 3083 quum
550 3000 680 3086 longius
712 3021 732 3066 a
762 3001 879 3066 summi
910 3001 1015 3068 luctus
1047 3002 1224 3069 acerbitate
1271 3003 1272 3059 ι

267 3110 358 3154 meus
381 3087 508 3152 abesset
535 3088 627 3154 dolor
649 3109 746 3172 quam
767 3092 857 3173 tuus,
884 3089 982 3154 statui
1008 3093 1141 3155 noemae
1170 3113 1223 3156 ne·

268 3176 471 3242 cesaitudinis
498 3197 566 3240 esse
594 3198 745 3261 meaeque
771 3177 807 3240 in
828 3180 861 3241 te
888 3177 1132 3243 benevolentiae
1154 3201 1224 3245 mon

268 3268 374 3331 tacere
396 3268 490 3330 tanto
512 3265 626 3330 intuo
649 3286 792 3330 maerore
819 3265 956 3350 tamdiu,
985 3266 1041 3330 sed
1069 3265 1222 3333 adhibere
1270 3271 1271 3330 ι

269 3354 410 3438 aliquam
432 3353 592 3418 modicam
614 3353 876 3438 consolationem,
899 3375 980 3438 quae
1002 3356 1109 3420 levare
1133 3355 1222 3422 dolo·

233 3461 249 3510 ι
268 3461 336 3506 rem
358 3445 450 3506 tuum
472 3443 595 3526 posset,
625 3442 652 3505 si
674 3443 780 3509 minus
808 3463 922 3508 sanare
949 3447 1007 3528 pot
1007 3443 1116 3510 uisset.
1161 3443 1222 3510 Est

268 3533 376 3594 autem
403 3529 581 3597 consolatio
613 3531 804 3617 pervulgata
834 3531 962 3616 quidem
990 3531 1048 3597 illa
1074 3532 1222 3619 maxime,
1269 3539 1270 3601 ι
