2658 3986
283 239 288 248 “
409 241 668 298 namucensem
685 241 732 296 Vl.
752 249 776 298 6.
1012 241 1075 307 169

119 387 212 454 fidele
234 386 403 472 Pompeio,
429 389 501 452 tum
525 387 665 452 salutare
692 386 829 471 utrique.
873 385 962 464 Quae
985 399 1110 472 prae-t

118 480 207 548 terea
229 475 433 562 providerim,
455 479 635 559 praetorem
656 477 733 542 uolo
757 475 843 542 enim
861 475 1006 542 huncde
1022 497 1075 543 me

120 565 240 650 optime
262 565 414 633 meritum
432 564 613 633 existimare
633 585 671 632 ee
689 586 740 632 me
759 565 898 635 suasisse
912 563 1076 651 Pompeio,

120 653 236 738 quibus
258 654 314 720 ille
337 653 365 718 si
386 653 556 738 paruisset,
579 656 665 719 essct
685 653 738 718 bic
761 653 891 737 quidem
913 654 1018 718 claros
1039 654 1076 718 in

119 747 198 828 toga
225 745 260 810 et
284 741 448 826 princepe,
480 741 536 806 sed
562 744 672 809 lentes
699 762 790 826 opes,
822 745 961 827 quantas
988 761 1076 807 nunc

118 831 232 914 hebet,
262 851 331 896 non
362 830 509 896 heberet:
540 829 681 898 eundum
711 831 748 894 in
778 829 972 915 Hispaniam
1002 851 1075 897 cen·

118 918 920 1074 sereremuscalesu
943 919 1077 1073 ru

119 1099 156 1162 ut
173 1096 294 1179 liceret,
317 1118 413 1179 quarn
432 1100 478 1180 ut,
496 1095 649 1180 quoniam
666 1096 738 1179 ipso
757 1097 888 1161 consule
908 1029 1075 1181 pdgngdnte

119 1185 261 1270 populus
283 1185 434 1268 iusserat,
455 1184 638 1252 haberetur.
683 1181 789 1250 Causa
814 1188 888 1250 orta
915 1185 992 1249 belli
1014 1188 1075 1249 est:

119 1273 198 1358 quid
226 1293 287 1358 ego
313 1273 515 1357 praetermisi
543 1276 600 1338 eut
626 1273 824 1338 monitorum
849 1275 909 1338 eut
934 1273 1076 1358 querela·

118 1383 201 1446 rum,
224 1383 323 1446 quum
345 1362 397 1426 rel
414 1361 649 1446 iniquissimam
667 1383 779 1445 pacem
796 1361 972 1428 iustissimo
991 1361 1076 1427 bello

120 1449 336 1516 anteferrem?
381 1449 479 1514 Victa
499 1453 552 1514 est
572 1451 747 1516 auctoritas
769 1472 856 1535 mea,
877 1472 946 1518 non
967 1453 1036 1516 turn
1058 1471 1112 1520 ac

120 1537 276 1622 Pompeio
298 1573 340 1588 ·-
363 1559 441 1604 narn
466 1539 495 1602 is
526 1539 716 1607 movebatur
738 1575 794 1623 -,
826 1545 924 1624 quani
955 1538 997 1604 ab
1026 1539 1078 1624 iis,

122 1627 177 1710 qui
209 1627 289 1692 duce
320 1626 474 1710 Pompeio
505 1626 581 1694 freti
612 1631 888 1712 peropportunam
920 1631 953 1692 et
980 1626 1078 1692 rebus

121 1715 306 1782 domesticis
325 1719 358 1780 et
376 1715 607 1799 cupiditatibus
625 1716 692 1781 suis
709 1716 796 1782 illius
814 1715 891 1782 belli
909 1716 1078 1782 uictoriam

121 1803 191 1871 fore
223 1803 393 1887 putabant.
439 1801 629 1888 Suseeptum
660 1804 782 1870 bellum
813 1808 865 1870 est
894 1805 1078 1889 quiescente

120 1913 185 1975 me,
208 1891 378 1976 depulsum
405 1913 444 1956 ex
465 1890 561 1958 ltalia
583 1897 734 1958 manente
757 1914 822 1977 me,
849 1893 956 1978 quoad
977 1893 1078 1977 potui,

122 1981 178 2046 sed
200 1980 305 2046 valuit
326 1981 412 2064 opud
435 2001 486 2049 me
509 1981 584 2065 plus
605 1981 709 2064 pudor
735 2003 826 2048 meus
849 2002 947 2066 quam
967 1983 1079 2047 timore

8 2147 13 2154 ι
121 2070 243 2136 ueritus
266 2091 338 2134 sum
366 2069 475 2134 deesse
502 2068 649 2152 Pompeii
676 2069 786 2151 saluti,
812 2090 914 2153 quum
939 2068 993 2132 ille
1022 2069 1078 2132 ali·

122 2159 252 2243 quando
274 2179 343 2224 non
366 2157 521 2224 defuisset
542 2177 640 2227 meae.
685 2155 800 2241 Itaque
822 2157 874 2222 vel
897 2156 1004 2222 officio
1027 2157 1079 2221 rel

121 2247 211 2310 fama
231 2247 393 2337 bonorum
414 2246 466 2310 vel
488 2245 611 2329 pudore
628 2246 742 2330 victus,
761 2249 800 2310 ut
815 2246 851 2310 in
867 2245 987 2311 fabulis
1001 2243 1078 2309 Am-

121 2333 284 2418 phiaraus,
306 2335 352 2400 sic
375 2355 436 2420 ego
458 2334 600 2418 prudens
624 2337 657 2398 et
679 2335 783 2400 sciens
801 2334 842 2400 cd
859 2336 984 2418 pestem
1002 2336 1078 2398 ante

122 2424 233 2488 oculos
260 2423 400 2507 positam
427 2441 499 2488 sum
520 2421 698 2506 proiectum
730 2445 794 2507 quo
821 2421 969 2489 inbelle
995 2422 1078 2487 nihil

122 2511 248 2576 adversi
271 2511 388 2578 accidit
418 2533 486 2578 non
517 2511 721 2595 praedicente
748 2533 809 2576 me.
854 2510 973 2595 Quare,
1001 2530 1113 2595 quo-r

122 2600 226 2685 niam,
251 2602 289 2664 ut
311 2619 449 2684 augures
477 2603 510 2664 et
537 2600 693 2685 astrologi
716 2601 836 2683 solent,
863 2619 924 2684 ego
952 2621 1079 2684 quoque

123 2709 228 2772 augur
249 2686 396 2772 publicus
419 2709 458 2753 ex
477 2689 558 2754 meis
577 2688 795 2772 superioribus
813 2688 986 2772 praedictis
1004 2710 1078 2754 con·

122 2776 216 2840 stitui
237 2776 323 2859 apud
345 2779 378 2842 te
401 2776 628 2843 auctoritatem
655 2776 783 2862 augurii
811 2779 844 2840 et
870 2775 1079 2842 divinationis

122 2883 221 2947 meae,
243 2863 374 2930 debebit
394 2864 513 2930 habere
535 2865 632 2930 fidem
654 2867 768 2930 nostra
786 2863 971 2949 praedictio.
1001 2863 1079 2930 Non

121 2951 222 3036 igitur
245 2973 284 3016 ex
306 2953 393 3018 alitis
414 2954 526 3019 volatu
549 2974 608 3020 nec
631 2975 649 3018 e
671 2955 771 3020 centu
798 2953 928 3019 sinistro
952 2953 1079 3038 meinis,

121 3040 216 3104 utin
238 3043 351 3107 nostre
373 3041 543 3126 disciplina
565 3045 624 3126 est,
645 3061 712 3110 nec,
728 3063 768 3107 ex
788 3041 939 3128 tripudiis
962 3042 1078 3110 solisti-

122 3128 183 3194 mis
206 3132 264 3194 aut
285 3129 419 3196 scniriis
436 3130 497 3196 tibi
515 3151 666 3216 auguror,
688 3131 744 3197 sed
761 3129 867 3197 babeo
890 3131 960 3196 alin
976 3131 1079 3214 signe,

121 3239 204 3302 qnae
232 3218 413 3301 observem3
440 3240 522 3303 quae
548 3219 611 3284 etsi
639 3241 707 3284 non
738 3222 817 3286 sunt
842 3218 980 3284 certiora
1005 3217 1079 3299 illia,

191 3371 244 3444 Ep.
268 3381 298 3442 6,
317 3379 341 3428 6.
388 3375 571 3444 querelarum,
596 3391 679 3444 praem
698 3417 703 3427 .
720 3417 726 3427 .
743 3415 749 3429 .
768 3369 949 3440 cantarent?
1000 3369 1080 3426 Victa

122 3443 197 3512 (W).
234 3447 276 3513 a!
294 3446 594 3512 cum...aateferrem.
630 3443 747 3498 victaB.
785 3450 810 3498 c.
833 3442 972 3497 aciemad
990 3482 1013 3495 ..
1029 3457 1079 3509 po·

120 3513 204 3567 eitam
221 3529 281 3568 eum
296 3515 372 3584 (W.).
407 3531 443 3570 ec.
462 3517 518 3582 „ud
537 3555 560 3569 ..
575 3518 625 3585 pfl
643 3531 704 3570 eum
717 3513 810 3584 vulgo.
849 3518 872 3566 7.
897 3511 974 3568 olitis
986 3513 1080 3566 volatu

121 3581 226 3650 (Orati.
265 3586 300 3642 ul.
319 3585 446 3642 incolatu
463 3586 528 3642 ΜΒ.
