2578 3982
277 166 342 230 624
557 167 594 221 Μ.
616 165 739 220 TULLII
757 165 946 223 CICERONIS

277 314 310 378 at
335 331 467 396 prorsus
493 309 541 374 ita
566 309 631 375 fuit
656 312 690 375 et
715 314 826 376 minen
847 311 902 376 ille
928 311 1072 396 plausus,
1095 309 1140 392 qui
1159 307 1191 370 illi

237 398 385 482 udatur,
414 397 553 483 quodam
576 397 671 464 modo
693 398 788 464 nobis
815 399 941 464 ridetur
967 399 1048 463 dari.
1087 395 1192 462 Reddita

277 487 374 552 etiam
401 485 481 552 mihi
508 490 558 550 est
583 489 732 570 pervetus
760 486 910 571 epistola,
941 487 998 552 sed
1025 505 1093 551 sero
1116 484 1192 562 allah,

276 575 312 639 in
338 595 402 658 qua
429 574 468 639 de
500 573 577 639 aede
600 573 736 640 Telluris
768 578 801 640 et
832 573 871 639 de
900 574 1028 659 porticu
1051 571 1144 638 Cotuh
1159 590 1192 632 m

277 663 443 728 admones:
470 661 909 748 fitutrumquediligente13
936 662 977 727 ed
1002 660 1130 728 Telluris
1148 657 1192 740 qui-

277 750 350 816 dem
377 751 473 814 etiam
499 753 589 814 tuam
617 753 758 816 statuam
784 750 897 817 locavi.
946 750 1031 816 Item
1063 749 1099 814 de
1121 745 1193 811 hort's

277 858 329 904 me
352 838 438 921 quod
461 838 628 920 admones,
654 859 713 902 neo
736 839 784 904 fui
807 859 959 923 nmquam
981 838 1076 904 valde
1096 833 1193 918 cupitus

277 930 312 991 et
334 946 420 992 nunc
444 926 557 990 domus
585 926 769 1011 suppeditat
797 925 877 991 mihi
898 926 1070 992 hortorum
1090 919 1193 988 amoeni·

276 1017 387 1080 tatem.
440 1013 578 1080 Romam
610 1035 709 1098 quum
740 1014 899 1079 venissem
936 1037 964 1080 a.
996 1014 1028 1079 d.
1059 1028 1123 1078 xm.
1146 1007 1193 1072 llcl

277 1100 441 1186 Octobres,
464 1102 647 1167 absolutum
669 1101 788 1167 offendi
811 1103 845 1167 in
864 1102 997 1168 aedibus
1018 1099 1193 1175 cuiatem

277 1190 363 1274 quod
385 1211 483 1274 supra
505 1190 669 1256 conclavia
690 1210 758 1254 non
779 1191 944 1274 placuerat
970 1191 1033 1255 tibi
1061 1208 1123 1254 esse
1140 1182 1192 1248 nul·

277 1281 386 1342 torum
398 1278 616 1363 fastigiorum:
634 1278 668 1342 id
686 1298 773 1344 nunc
787 1278 921 1344 honeste
935 1278 1044 1364 vergit
1063 1277 1096 1340 in
1107 1275 1193 1338 metm

276 1366 437 1430 inferioris
460 1367 611 1448 porticus.
648 1364 758 1430 Cicero
781 1370 899 1448 noster,
924 1367 1002 1432 dum
1026 1385 1085 1451 ego
1107 1362 1191 1435 absus

276 1473 344 1518 non
375 1454 512 1518 cessavit
543 1453 628 1537 apud
664 1454 837 1518 rhetorem:
874 1453 913 1518 de
950 1454 1020 1520 eius
1054 1448 1191 1516 eruditiore

277 1540 362 1622 quod
375 1540 512 1624 labores,
526 1541 608 1606 nihil
621 1545 679 1625 est,
694 1543 846 1626 quoniam
864 1542 1034 1627 ingenium
1055 1540 1117 1605 eius
1128 1531 1190 1610 nosti,
1210 1619 1211 1624 ἵ

277 1628 418 1694 studium
440 1648 500 1713 ego
524 1628 630 1712 video,
653 1631 759 1694 cetera
781 1631 849 1694 eius
871 1631 915 1696 sic
938 1629 1093 1714 suscipio,
1116 1627 1146 1690 ut
1160 1638 1190 1683 ml

275 1720 386 1802 putem
408 1719 571 1802 praestare
594 1716 718 1782 debere.

241 1788 257 1836 ⁵
342 1804 514 1870 Gabinium
545 1807 611 1870 tres
647 1805 752 1872 adhuc
782 1807 940 1872 factiones
976 1805 1144 1891 postulant:
1169 1793 1189 1857 h·

239 1855 262 1896 ¹⁵
276 1892 442 1977 Lentulus,
464 1893 603 1958 flaminis
625 1894 723 1977 filius,
752 1895 807 1978 qui
828 1895 894 1958 iam
920 1895 959 1959 de
982 1893 1140 1960 maiestate
1155 1903 1189 1967 pv·

276 1982 421 2064 stulavit3
448 1980 495 2046 Ti.
539 1979 627 2048 Nero
655 2003 728 2046 cum
756 1982 851 2047 honis
878 1981 1148 2067 subscriptoribus
1169 1967 1188 2032 ὓ·

275 2069 445 2134 Memmius
467 2069 616 2135 tribunus
634 2070 677 2154 pl.
696 2091 769 2135 cum
789 2068 824 2135 L.
839 2067 1005 2154 Capitone.
1042 2069 1094 2134 Ad
1113 2062 1189 2130 urben

275 2159 410 2222 accessit
437 2178 464 2222 a.
492 2156 522 2221 d.
544 2175 602 2222 ΧΗ.
629 2157 700 2222 Kal.
733 2156 874 2223 Octobr:
906 2159 987 2224 nihil
1015 2156 1131 2242 tmpius
1152 2163 1189 2210 112⁰

275 2245 445 2328 desertius3
481 2245 536 2310 sed
568 2246 619 2310 his
649 2246 774 2311 iudiciis
810 2245 891 2312 nihil
925 2246 1028 2312 audeo
1061 2237 1189 2310 confidere.

275 2332 367 2410 Quod
395 2331 475 2398 Cato
503 2355 571 2398 non
597 2334 737 2416 valebat,
769 2334 873 2398 adhuc
902 2334 940 2399 de
967 2333 1109 2418 pecuniis
1131 2340 1187 2405 llll·

274 2421 383 2484 tundis
406 2441 474 2485 non
496 2424 566 2485 erat
587 2423 777 2504 postulatus.
821 2421 992 2506 Pompeius
1021 2445 1043 2487 a
1065 2441 1109 2486 me
1127 2406 1188 2506 raldo

275 2507 442 2572 contendit
472 2507 511 2572 de
539 2508 643 2572 reditu
674 2511 709 2573 in
740 2509 892 2594 gratiam,
924 2511 979 2574 sed
1010 2511 1113 2576 adhuc
1135 2492 1188 2566 nihl

273 2596 412 2682 profecit
433 2615 501 2680 nec,
524 2596 551 2660 si
570 2597 670 2661 ullam
687 2601 812 2680 partem
830 2598 987 2664 libertatis
1005 2598 1126 2677 tenebo,
1142 2603 1188 2672 1³1⁰·

234 2700 261 2739 ³⁶
274 2685 368 2752 ficiet.
418 2684 504 2750 Tuas
536 2684 674 2757 litteras,
691 2685 896 2750 vehementer
926 2691 1084 2770 exspecto.
1127 2667 1188 2775 QJl⁰d

274 2775 386 2840 scribis
417 2777 451 2838 te
489 2773 628 2856 audisse,
664 2773 698 2837 in
730 2773 973 2839 candidatorum
1008 2771 1188 2853 consularium¹

274 2863 412 2927 coitione
443 2882 495 2924 me
526 2861 722 2945 interfuisse,
757 2861 791 2926 id
822 2861 940 2926 falsum
971 2865 1034 2944 est3
1070 2843 1189 2925 eiusmot

273 2950 359 3014 enim
386 2949 551 3033 pactiones
582 2950 617 3014 in
649 2971 687 3013 ec
718 2949 856 3014 coitione
887 2949 992 3014 fectae
1024 2951 1109 3029 sunt,
1135 2951 1188 3023 quas

272 3040 385 3120 postea
407 3033 577 3100 Memmius
595 3037 755 3121 patefecit,
778 3040 816 3101 ut
834 3058 928 3102 nemo
947 3037 1188 3122 bonusinteresse

341 3279 393 3350 Ep.
414 3286 437 3348 1,
454 3286 495 3336 14.
530 3279 604 3352 quod
624 3281 809 3336 meadmones
828 3281 941 3351 (1·)‘?··
959 3285 1073 3347 muro,
1089 3270 1187 3349 quidm
1210 3341 1211 3344 Ἴ

270 3349 348 3417 fact:
365 3351 397 3407 ic
415 3351 489 3420 (W.).
534 3357 570 3418 t.;
591 3367 615 3421 q.
636 3391 659 3405 ..
678 3351 716 3418 fl,
737 3352 769 3406 id
786 3351 880 3422 vulgo.
909 3383 941 3394 -
969 3344 1186 3422 quoniamst?-
1210 3357 1211 3360 ’

270 3421 719 3491 (W.)?-oidco;cctera1(W.).
755 3438 779 3476 u.
809 3421 837 3477 0.
856 3421 951 3493 uulgo.
988 3427 1030 3477 16.
1058 3415 1189 3478 estmoe

270 3491 337 3561 (W.)
382 3493 570 3564 a.ircvulgo.
