2644 3988
247 201 314 266 330
530 200 567 255 M.
587 201 710 256 TULLII
728 199 920 256 CICERONIS

246 346 279 412 id
298 366 396 432 opera
413 346 551 410 maxime
571 345 744 411 excitatum
764 345 818 428 sit3
841 345 897 410 sed
911 345 985 430 iam,
1005 345 1085 410 mihi
1105 348 1207 432 erede,

246 435 466 521 eognovimus.
510 433 625 518 Itaque
652 433 868 499 iuoudissimis
895 435 960 499 tuis
992 435 1110 500 litteris
1142 440 1207 501 sto·

246 523 414 590 mechatus
438 545 510 588 sum
531 524 567 587 in
590 525 746 606 extremm
769 522 882 588 scribis
906 523 1000 606 enim,
1024 524 1052 588 si
1073 524 1111 588 in
1132 522 1208 590 Sex·

245 613 336 677 bilem
359 612 503 696 comitia,
525 612 590 676 oilo
613 615 660 692 le,
688 611 739 676 sin
761 610 827 676 iam
849 611 1011 694 eonfeota,
1033 611 1143 696 eilias,
1166 635 1207 678 ne
1299 661 1300 702 3

211 701 366 766 adiutius
390 722 463 766 oum
485 700 628 785 periculo
646 700 756 766 saluus
775 699 828 765 sis.
865 698 957 765 Omi
974 699 1085 784 Furni,
1109 723 1207 785 quam
1299 705 1300 722 ²

245 794 281 855 tu
304 793 394 854 luam
418 809 549 854 oausam
570 809 638 853 non
660 788 762 873 nosti,
789 788 845 872 qui
868 788 990 854 alienas
1019 791 1088 854 tam
1110 789 1207 854 facile

246 878 361 942 diseas!
397 875 447 942 Tu
464 898 553 943 nuno
571 876 779 942 candidatum
796 880 829 941 te
847 877 944 961 putas
967 880 1000 942 et
1019 877 1052 942 id
1071 877 1207 964 cogitas,

244 969 281 1030 ul
300 969 357 1032 aut
375 966 416 1030 ad
434 966 565 1032 comitia
583 987 693 1030 curras
716 968 782 1050 aul,
806 965 917 1030 eiiam
935 965 1092 1050 eonfeoha,
1117 966 1205 1032 domi

243 1059 319 1120 tuae
342 1055 395 1139 sis,
417 1076 458 1120 ne
482 1077 555 1120 oum
577 1053 716 1119 maximo
740 1054 892 1138 periculo,
914 1057 951 1120 ut
973 1054 1103 1138 scribis,
1127 1056 1205 1121 stul·

244 1143 387 1209 tissimus
415 1143 481 1208 sis?
525 1142 603 1208 Non
631 1142 770 1207 arbitror
796 1145 828 1207 te
856 1143 903 1208 ita
930 1143 1062 1225 sentire3
1090 1165 1204 1209 omnes

244 1233 331 1298 enim
361 1235 436 1298 tuos
468 1231 509 1296 ad
540 1230 669 1296 laudem
691 1231 831 1315 impetus
854 1231 945 1296 novi:
978 1229 1064 1315 quod
1094 1232 1137 1314 si,
1169 1237 1205 1298 uh

244 1321 371 1405 scribis,
393 1321 441 1385 ila
463 1320 576 1404 seniis,
605 1341 674 1384 non
695 1319 800 1404 magis
822 1322 856 1400 te
880 1341 977 1405 quam
1004 1318 1043 1384 de
1066 1322 1099 1384 he
1122 1319 1204 1386 iudi-

244 1409 328 1474 oium
354 1407 555 1493 reprehendo
583 1429 699 1472 meum.
745 1407 790 1472 Te
813 1407 1011 1492 adipiscendi
1033 1408 1204 1494 magistre·

242 1498 296 1560 ’uus
319 1497 473 1561 levissimi
495 1500 528 1560 ed
550 1496 810 1582 divulgatissimi,
834 1497 862 1560 si
883 1497 930 1562 ita
953 1496 1144 1581 adipiscere,
1168 1503 1205 1563 ut

243 1585 401 1669 plerique,
432 1605 648 1670 praepropera
682 1584 848 1651 festinatio
881 1584 1019 1650 abducet
1049 1608 1070 1650 a
1100 1586 1203 1651 hantis

242 1673 405 1758 laudibus,
433 1673 549 1758 quibus
576 1677 609 1737 le
632 1695 744 1738 omnes
766 1674 801 1738 in
825 1674 949 1738 eaelum
975 1674 1044 1738 iure
1072 1677 1105 1738 et
1128 1695 1203 1740 vere

242 1761 374 1826 lemni?
420 1759 549 1827 Soilioet
570 1762 603 1826 id
627 1762 743 1848 agitur,
765 1765 875 1826 utrum
895 1762 959 1827 hae
980 1762 1138 1847 petitione
1158 1785 1203 1828 an

242 1850 389 1934 proxima
410 1855 541 1936 praetor
562 1851 631 1934 fias,
653 1872 722 1915 non
744 1853 780 1915 ul
800 1850 849 1914 'ita
872 1850 911 1938 de
933 1871 968 1916 re
988 1851 1118 1934 publiea
1137 1873 1202 1916 me·

206 1951 223 1999 8
242 1961 342 2024 reare,
360 1941 448 2006 omni
465 1940 589 2006 honore
607 1942 645 2004 uh
662 1938 870 2024 dignissimus
888 1938 1036 2004 iudicare.
1081 1938 1202 2005 Utrum

242 2029 361 2112 neseis,
384 2051 481 2113 quam
503 2029 568 2093 alle
589 2027 785 2112 ascenderis,
813 2049 857 2092 an
878 2049 937 2111 pro
960 2027 1067 2092 nihilo
1086 2027 1119 2091 id
1142 2052 1202 2113 pu·

241 2117 314 2182 tas?
346 2118 374 2182 si
397 2117 515 2201 neseis,
541 2116 603 2181 hibi
628 2117 778 2202 ignosco,
804 2137 865 2181 nos
892 2115 927 2180 in
954 2117 1049 2201 eulpa
1075 2139 1202 2198 sumus3

242 2206 293 2270 sin
314 2206 479 2291 inlelligis,
501 2206 569 2270 ulla
587 2204 647 2269 tibi
666 2208 716 2270 est
733 2207 886 2289 praetura
903 2204 955 2268 vel
974 2204 1090 2285 officio,
1113 2206 1201 2289 quod

240 2295 349 2379 pauci,
371 2295 423 2359 vel
445 2295 682 2379 gloria,qua1n
705 2314 816 2358 omnes
840 2297 1031 2378 sequuntur,
1054 2293 1201 2359 dulcior?

241 2381 311 2447 Hae
335 2383 373 2446 de
396 2404 430 2448 re
454 2385 570 2466 elego
594 2384 626 2446 eh
649 2379 816 2465 Calvisius,
838 2381 936 2446 homo
955 2382 1067 2468 magni
1089 2382 1201 2448 iudicii
1303 2447 1304 2462 ,

240 2471 351 2553 tuique
379 2469 632 2552 amantissimus,
663 2473 696 2535 te
723 2490 911 2535 accusamus
940 2470 1092 2555 quotidie.
1138 2468 1201 2536 Oo·
1303 2469 1304 2552 l

240 2559 332 2622 mitia
353 2561 477 2641 tamen,
504 2557 657 2642 quoniam
685 2579 724 2622 ex
745 2559 785 2623 iis
808 2557 942 2642 pendes,
970 2562 1128 2644 quandum
1150 2559 1199 2624 fa·

240 2667 310 2710 oere
333 2667 519 2732 possumus,
546 2647 632 2731 quod
655 2647 765 2713 multis
789 2647 827 2712 de
851 2648 956 2712 causis
977 2647 1026 2712 rei
1047 2648 1197 2731 publicae

239 2735 433 2801 arbitramur
456 2735 646 2820 eonduoere,
675 2736 711 2800 in
737 2733 926 2802 Ianuarium
952 2755 1096 2802 mensem
1122 2759 1198 2822 pro·

239 2823 407 2888 trudimus.
452 2824 555 2890 Vinoe
577 2823 678 2910 igitur
700 2827 733 2889 et
754 2824 834 2889 vale.

238 3105 296 3160 Sor.
315 3103 421 3159 Romae
439 3119 534 3159 mense
547 2999 832 3174 Marfiollssihllllll.
847 3103 879 3158 K.
894 3103 995 3174 April.)
1013 3120 1038 3158 a.
1054 3121 1080 3158 u.
1095 3119 1118 3158 o.
1135 3111 1193 3158 711.

526 3208 654 3266 CICERO
674 3209 807 3266 LEPIDO
826 3208 901 3264 SAL.

204 3313 218 3362 1
305 3301 398 3379 Quod
416 3301 496 3367 mihi
513 3324 572 3386 pro
593 3323 717 3366 summa
735 3321 804 3366 mea
821 3321 899 3386 erga
918 3303 952 3365 he
970 3299 1195 3373 benevolentia

238 3412 375 3476 maguae
403 3411 498 3456 curae
525 3393 588 3472 est,
619 3393 656 3452 uh
682 3409 780 3472 quam
811 3389 1009 3472 amplissima
1035 3387 1194 3474 dignitate

308 3545 360 3617 Ep.
379 3551 422 3614 26,
437 3551 461 3600 3.
495 3546 579 3601 Vinea
596 3546 682 3616 ἐρίων
701 3542 758 3612 (hl,
776 3544 881 3615 vulgo).
904 3545 994 3623 'vince
1012 3549 1037 3600 te
1054 3545 1074 3599 i.
1093 3543 1148 3613 Or.⁸
1163 3545 1194 3601 B.
