2644 3988
340 958 346 964 ·
460 933 570 991 LIBER
587 931 807 992 minuemus,

232 1061 643 1130 leuceoron
676 1062 744 1128 ur
780 1044 1038 1128 carneos.

622 1239 648 1304 Ι.

389 1359 445 1416 Ser.
465 1376 561 1416 menso
579 1360 671 1430 Aprili
690 1377 714 1414 a.
734 1379 760 1414 u.
780 1377 803 1414 c.
823 1367 875 1416 '110

268 1498 302 1557 D.
320 1499 466 1557 BRUTUS
484 1501 606 1559 BRUTO
627 1501 695 1558 SUO
713 1501 762 1557 ET
781 1500 905 1558 CASSIO
925 1497 1000 1557 SAL.

225 1609 296 1686 Quo
327 1611 363 1678 in
394 1613 482 1676 statu
513 1611 626 1696 simus,
655 1612 852 1697 cognoscite:
887 1611 958 1676 heri
989 1610 1148 1697 vesperil

157 1700 245 1784 apud
271 1721 323 1764 me
351 1699 479 1765 Hirtius
505 1700 581 1784 fuit3
613 1721 678 1784 qna
699 1702 808 1764 mente
835 1704 920 1766 essct
941 1699 1115 1784 Antonius,

157 1788 400 1871 demonstravit,
421 1788 562 1873 pessima
584 1788 706 1853 scilicet
727 1791 760 1854 et
781 1788 1016 1872 infidelissima3
1038 1811 1115 1854 nam

158 1899 193 1942 sc
216 1897 320 1966 neque
343 1876 423 1942 mihi
445 1876 646 1962 provinciam
668 1876 744 1942 dare
767 1897 862 1960 posse
881 1877 989 1942 aicbat
1010 1898 1115 1960 neque

158 1965 309 2030 arbitrari
339 1968 412 2030 tuto
448 1966 484 2030 in
515 1965 594 2030 urbe
626 1986 695 2030 esse
727 1987 921 2050 quemquam
951 1969 1115 2030 nostrum:

158 2053 240 2120 adeo
258 2075 328 2118 esse
346 2053 486 2118 militum
503 2054 683 2121 concitatos
701 2054 825 2119 animos
844 2057 878 2119 et
894 2052 1011 2137 plebis3
1029 2053 1115 2137 quod

158 2145 331 2226 utrumque
358 2164 428 2208 esse
453 2141 574 2208 falsum
595 2145 675 2226 puto
704 2164 763 2206 vos
786 2142 1040 2207 animadvertere
1068 2145 1115 2206 at-

160 2252 223 2315 que
245 2229 325 2295 illud
352 2251 421 2296 esse
448 2253 574 2316 verum,
601 2231 687 2314 quod
710 2229 836 2296 Hirtius
864 2230 1115 2315 demonstrabat,

158 2320 272 2383 timere
304 2341 391 2404 eum,
421 2340 479 2405 ne,
511 2319 539 2384 si
570 2319 729 2384 mediocre
761 2319 915 2384 auxilium
947 2319 1115 2405 dignitatis

159 2409 290 2473 nostrae
303 2407 659 2492 habuissemus,‚nullac
672 2412 781 2493 partes
794 2409 876 2487 †his
889 2409 972 2473 inre
985 2407 1116 2492 publica

158 2491 426 2580 relinquerentur.
484 2495 591 2573 Quum
622 2497 658 2561 in
687 2496 739 2561 his
771 2498 930 2582 angustiis
962 2509 1151 2582 versarent

159 2585 315 2669 placitum
338 2588 388 2651 est
408 2583 503 2670 mihi,
528 2588 566 2650 ut
592 2586 790 2669 postularem
815 2586 1012 2672 legationem
1037 2586 1116 2651 libe·

159 2694 230 2738 ram
253 2672 333 2738 mihi
355 2673 550 2758 reliquisque
572 2674 706 2757 nostris,
733 2677 771 2739 ut
793 2674 901 2759 aliqua
924 2694 1021 2739 causa
1043 2697 1115 2762 pro·

159 2761 323 2827 ficiscendi
349 2761 488 2828 honesta
515 2765 729 2846 quaereretur.
774 2761 846 2826 Hoc
873 2783 907 2826 so
929 2762 1116 2846 impetratu-

159 2872 232 2914 rum
249 2849 413 2936 pollicitus
432 2853 491 2935 est,
507 2871 567 2916 nec
585 2852 695 2914 tamen
714 2849 962 2934 impetraturum
976 2851 1116 2916 confido:

159 2941 253 3003 tanta
281 2941 330 3004 est
356 2939 526 3004 hominum
548 2937 723 3004 insolentia
752 2941 785 3002 et
807 2939 911 3004 nostri
932 2938 1117 3022 insectatio;

160 3049 212 3111 ae,
238 3027 266 3092 si
293 3027 453 3111 dederint,
484 3026 571 3113 quod
597 3026 751 3112 petimus,
777 3028 888 3094 tamen
910 3027 1019 3111 paullo
1042 3029 1118 3111 post

158 3115 305 3182 futurum
328 3118 408 3201 puto
430 3118 468 3180 ut
488 3115 599 3182 hostes
617 3114 794 3180 iudicemur
813 3119 869 3180 aut
886 3136 971 3198 aqua
993 3119 1026 3179 et
1047 3115 1117 3200 igni

159 3199 255 3270 nobis
282 3204 502 3269 interdicatur.
551 3202 654 3289 „Quid
682 3224 759 3290 ergo
788 3202 868 3288 est“,
899 3203 1019 3286 inquis,
1050 3203 1151 3287 „tuis

230 3359 283 3433 Ep.
304 3367 328 3430 1,
349 3369 372 3415 1.
402 3335 427 3427 ¹†
440 3362 484 3416 tis
501 3362 534 3415 in
550 3377 580 3416 re
593 3377 623 3430 p.
644 3361 719 3430 (W.).
756 3359 814 3414 dlis
831 3360 863 3413 in
881 3375 910 3412 re
924 3375 955 3427 p.
974 3359 1041 3428 (W.)
1067 3359 1118 3414 aut

157 3431 230 3556 {qais
246 3434 280 3487 tn
296 3447 327 3487 re
340 3449 370 3501 p.
390 3431 458 3501 (W.)
474 3433 528 3486 aut
543 3432 603 3486 cuis
619 3433 652 3486 in
668 3447 699 3486 re
715 3446 743 3499 p.
763 3430 830 3498 (W.)
854 3430 905 3484 aut
921 3430 976 3484 sibe·
992 3429 1025 3484 in
1042 3444 1071 3483 re
1086 3447 1116 3498 p.

139 3505 170 3572 ⁸(
196 3505 222 3572 .).
258 3503 302 3558 his
319 3503 394 3557 inre
407 3519 437 3570 p.
452 3502 518 3557 ΜΒ.
555 3509 579 3556 2.
599 3502 923 3570 Hcocetmpetraturum
943 3499 1003 3570 (L).
1040 3500 1118 3555 Haec

65 3579 72 3589 '
157 3589 187 3630 re
203 3574 222 3627 i.
242 3573 280 3628 M.
316 3573 401 3628 Hauc
418 3589 444 3628 ae
457 3575 476 3627 ι’.
495 3573 527 3627 Β.
