<?xml version="1.0" encoding="UTF-8"?>
<!DOCTYPE html PUBLIC "-//W3C//DTD XHTML 1.0 Transitional//EN"
    "http://www.w3.org/TR/xhtml1/DTD/xhtml1-transitional.dtd">
<html xmlns="http://www.w3.org/1999/xhtml" xml:lang="en" lang="en">
 <head>
  <title>
</title>
<meta http-equiv="Content-Type" content="text/html;charset=utf-8" />
  <meta name='ocr-system' content='tesseract 3.04.00' />
  <meta name='ocr-capabilities' content='ocr_page ocr_carea ocr_par ocr_line ocrx_word'/>
</head>
<body>
  <div class='ocr_page' id='page_1' title='image "./epistolae00wesegoog_0312.png"; bbox 0 0 2676 3984; ppageno 0'>
   <div class='ocr_carea' id='block_1_1' title="bbox 247 223 918 290">
    <p class='ocr_par' dir='ltr' id='par_1_1' title="bbox 247 223 918 290">
     <span class='ocr_line' id='line_1_1' title="bbox 247 223 918 290; baseline 0.001 -10"><span class='ocrx_word' id='word_1_1' title='bbox 247 225 313 290; x_wconf 83' lang='grc'><strong>300</strong></span> <span class='ocrx_word' id='word_1_2' title='bbox 530 226 567 280; x_wconf 80' lang='grc' dir='ltr'><strong>Μ.</strong></span> <span class='ocrx_word' id='word_1_3' title='bbox 586 224 710 280; x_wconf 82' lang='lat' dir='ltr'>TULLII</span> <span class='ocrx_word' id='word_1_4' title='bbox 727 223 918 282; x_wconf 67' lang='lat' dir='ltr'><strong>stomoma</strong></span> 
     </span>
    </p>
   </div>
   <div class='ocr_carea' id='block_1_2' title="bbox 147 369 1205 2575">
    <p class='ocr_par' dir='ltr' id='par_1_2' title="bbox 147 369 1205 2575">
     <span class='ocr_line' id='line_1_2' title="bbox 246 369 1205 455; baseline 0.001 -20"><span class='ocrx_word' id='word_1_5' title='bbox 246 391 328 455; x_wconf 88' lang='lat' dir='ltr'><strong>quae</strong></span> <span class='ocrx_word' id='word_1_6' title='bbox 357 391 482 434; x_wconf 87' lang='lat' dir='ltr'><strong>summa</strong></span> <span class='ocrx_word' id='word_1_7' title='bbox 509 373 571 454; x_wconf 87' lang='lat' dir='ltr'><strong>est,</strong></span> <span class='ocrx_word' id='word_1_8' title='bbox 598 369 748 435; x_wconf 80' lang='lat' dir='ltr'><strong>videntur</strong></span> <span class='ocrx_word' id='word_1_9' title='bbox 774 391 872 454; x_wconf 88' lang='lat' dir='ltr'><strong>quam</strong></span> <span class='ocrx_word' id='word_1_10' title='bbox 897 369 1076 454; x_wconf 85' lang='lat' dir='ltr'><strong>fidelitatis,</strong></span> <span class='ocrx_word' id='word_1_11' title='bbox 1102 391 1205 454; x_wconf 81' lang='lat' dir='ltr'><strong>quam</strong></span> 
     </span>
     <span class='ocr_line' id='line_1_3' title="bbox 245 459 1205 545; baseline 0 -21"><span class='ocrx_word' id='word_1_12' title='bbox 245 479 306 545; x_wconf 84' lang='lat' dir='ltr'><strong>ego</strong></span> <span class='ocrx_word' id='word_1_13' title='bbox 330 479 370 523; x_wconf 88' lang='lat' dir='ltr'><strong>ex</strong></span> <span class='ocrx_word' id='word_1_14' title='bbox 390 480 464 523; x_wconf 88' lang='lat' dir='ltr'><strong>mea</strong></span> <span class='ocrx_word' id='word_1_15' title='bbox 485 459 683 524; x_wconf 85' lang='lat' dir='ltr'><strong>conscientia</strong></span> <span class='ocrx_word' id='word_1_16' title='bbox 704 459 834 524; x_wconf 88' lang='lat' dir='ltr'><strong>metior:</strong></span> <span class='ocrx_word' id='word_1_17' title='bbox 856 481 964 543; x_wconf 85' lang='lat' dir='ltr'><strong>quare,</strong></span> <span class='ocrx_word' id='word_1_18' title='bbox 985 459 1014 524; x_wconf 89' lang='lat' dir='ltr'><strong>si</strong></span> <span class='ocrx_word' id='word_1_19' title='bbox 1031 462 1090 524; x_wconf 86' lang='lat' dir='ltr'><strong>aut</strong></span> <span class='ocrx_word' id='word_1_20' title='bbox 1107 459 1205 524; x_wconf 83' lang='lat' dir='ltr'><strong>aliter</strong></span> 
     </span>
     <span class='ocr_line' id='line_1_4' title="bbox 245 547 1203 632; baseline 0.002 -20"><span class='ocrx_word' id='word_1_21' title='bbox 245 547 408 632; x_wconf 73' lang='lat' dir='ltr'><strong>sentirem,</strong></span> <span class='ocrx_word' id='word_1_22' title='bbox 430 551 517 612; x_wconf 89' lang='lat' dir='ltr'><strong>certe</strong></span> <span class='ocrx_word' id='word_1_23' title='bbox 539 547 717 612; x_wconf 72' lang='lat' dir='ltr'><strong>admonitio</strong></span> <span class='ocrx_word' id='word_1_24' title='bbox 735 550 793 612; x_wconf 87' lang='lat' dir='ltr'><strong>tua</strong></span> <span class='ocrx_word' id='word_1_25' title='bbox 810 568 862 611; x_wconf 90' lang='lat' dir='ltr'><strong>me</strong></span> <span class='ocrx_word' id='word_1_26' title='bbox 880 548 1061 632; x_wconf 80' lang='lat' dir='ltr'><strong>reprimere,</strong></span> <span class='ocrx_word' id='word_1_27' title='bbox 1083 550 1151 632; x_wconf 85' lang='lat' dir='ltr'><strong>aut,</strong></span> <span class='ocrx_word' id='word_1_28' title='bbox 1173 547 1203 614; x_wconf 87' lang='lat' dir='ltr'><strong>si</strong></span> 
     </span>
     <span class='ocr_line' id='line_1_5' title="bbox 245 635 1203 720; baseline 0 -20"><span class='ocrx_word' id='word_1_29' title='bbox 245 636 435 720; x_wconf 88' lang='lat' dir='ltr'><strong>dubitarem,</strong></span> <span class='ocrx_word' id='word_1_30' title='bbox 456 635 598 700; x_wconf 86' lang='lat' dir='ltr'><strong>hortatio</strong></span> <span class='ocrx_word' id='word_1_31' title='bbox 616 635 780 720; x_wconf 82' lang='lat' dir='ltr'><strong>impellere</strong></span> <span class='ocrx_word' id='word_1_32' title='bbox 798 639 916 719; x_wconf 80' lang='lat' dir='ltr'><strong>posset,</strong></span> <span class='ocrx_word' id='word_1_33' title='bbox 933 638 972 701; x_wconf 87' lang='lat' dir='ltr'><strong>ut</strong></span> <span class='ocrx_word' id='word_1_34' title='bbox 987 635 1022 700; x_wconf 92' lang='lat' dir='ltr'><strong>id</strong></span> <span class='ocrx_word' id='word_1_35' title='bbox 1042 657 1203 720; x_wconf 87' lang='lat' dir='ltr'><strong>sequerer,</strong></span> 
     </span>
     <span class='ocr_line' id='line_1_6' title="bbox 245 724 1202 809; baseline 0 -20"><span class='ocrx_word' id='word_1_36' title='bbox 245 724 331 809; x_wconf 81' lang='lat' dir='ltr'><strong>quod</strong></span> <span class='ocrx_word' id='word_1_37' title='bbox 349 728 386 788; x_wconf 90' lang='lat' dir='ltr'><strong>tu</strong></span> <span class='ocrx_word' id='word_1_38' title='bbox 400 724 558 809; x_wconf 89' lang='lat' dir='ltr'><strong>optimum</strong></span> <span class='ocrx_word' id='word_1_39' title='bbox 575 725 720 808; x_wconf 81' lang='lat' dir='ltr'><strong>putares3</strong></span> <span class='ocrx_word' id='word_1_40' title='bbox 741 745 829 788; x_wconf 91' lang='lat' dir='ltr'><strong>nunc</strong></span> <span class='ocrx_word' id='word_1_41' title='bbox 846 745 923 789; x_wconf 78' lang='lat' dir='ltr'><strong>vero</strong></span> <span class='ocrx_word' id='word_1_42' title='bbox 942 724 1018 808; x_wconf 90' lang='lat' dir='ltr'><strong>quid</strong></span> <span class='ocrx_word' id='word_1_43' title='bbox 1038 727 1096 808; x_wconf 88' lang='lat' dir='ltr'><strong>est,</strong></span> <span class='ocrx_word' id='word_1_44' title='bbox 1114 724 1202 808; x_wconf 87' lang='lat' dir='ltr'><strong>quod</strong></span> 
     </span>
     <span class='ocr_line' id='line_1_7' title="bbox 244 811 1203 897; baseline 0 -19"><span class='ocrx_word' id='word_1_45' title='bbox 244 813 354 878; x_wconf 88' lang='lat' dir='ltr'><strong>mein</strong></span> <span class='ocrx_word' id='word_1_46' title='bbox 385 813 481 876; x_wconf 87' lang='lat' dir='ltr'><strong>aliam</strong></span> <span class='ocrx_word' id='word_1_47' title='bbox 512 815 637 896; x_wconf 80' lang='lat' dir='ltr'><strong>partem</strong></span> <span class='ocrx_word' id='word_1_48' title='bbox 663 811 792 876; x_wconf 75' lang='lat' dir='ltr'><strong>trahere</strong></span> <span class='ocrx_word' id='word_1_49' title='bbox 823 812 948 896; x_wconf 79' lang='lat' dir='ltr'><strong>possit?</strong></span> <span class='ocrx_word' id='word_1_50' title='bbox 980 833 1203 897; x_wconf 88' lang='lat' dir='ltr'><strong>quaecumque</strong></span> 
     </span>
     <span class='ocr_line' id='line_1_8' title="bbox 147 899 1202 975; baseline 0.002 -11"><span class='ocrx_word' id='word_1_51' title='bbox 147 967 150 975; x_wconf 75' lang='grc'><strong>,</strong></span> <span class='ocrx_word' id='word_1_52' title='bbox 243 902 279 964; x_wconf 90' lang='lat' dir='ltr'><strong>in</strong></span> <span class='ocrx_word' id='word_1_53' title='bbox 301 919 353 964; x_wconf 90' lang='lat' dir='ltr'><strong>me</strong></span> <span class='ocrx_word' id='word_1_54' title='bbox 375 900 463 965; x_wconf 83' lang='lat' dir='ltr'><strong>bona</strong></span> <span class='ocrx_word' id='word_1_55' title='bbox 485 903 562 965; x_wconf 89' lang='lat' dir='ltr'><strong>sunt</strong></span> <span class='ocrx_word' id='word_1_56' title='bbox 583 903 641 966; x_wconf 88' lang='lat' dir='ltr'><strong>aut</strong></span> <span class='ocrx_word' id='word_1_57' title='bbox 655 901 807 966; x_wconf 75' lang='lat' dir='ltr'><strong>fortunae</strong></span> <span class='ocrx_word' id='word_1_58' title='bbox 826 899 981 965; x_wconf 89' lang='lat' dir='ltr'><strong>beneficio</strong></span> <span class='ocrx_word' id='word_1_59' title='bbox 1000 901 1125 966; x_wconf 85' lang='lat' dir='ltr'><strong>tributa</strong></span> <span class='ocrx_word' id='word_1_60' title='bbox 1143 905 1202 966; x_wconf 82' lang='lat' dir='ltr'><strong>aut</strong></span> 
     </span>
     <span class='ocr_line' id='line_1_9' title="bbox 243 989 1201 1074; baseline 0.001 -21"><span class='ocrx_word' id='word_1_61' title='bbox 243 1009 316 1053; x_wconf 89' lang='lat' dir='ltr'><strong>meo</strong></span> <span class='ocrx_word' id='word_1_62' title='bbox 338 989 449 1054; x_wconf 87' lang='lat' dir='ltr'><strong>labore</strong></span> <span class='ocrx_word' id='word_1_63' title='bbox 471 993 575 1074; x_wconf 86' lang='lat' dir='ltr'><strong>parta,</strong></span> <span class='ocrx_word' id='word_1_64' title='bbox 597 989 659 1054; x_wconf 86' lang='lat' dir='ltr'><strong>etsi</strong></span> <span class='ocrx_word' id='word_1_65' title='bbox 681 994 756 1053; x_wconf 86' lang='lat' dir='ltr'><strong>ate</strong></span> <span class='ocrx_word' id='word_1_66' title='bbox 778 993 911 1074; x_wconf 85' lang='lat' dir='ltr'><strong>propter</strong></span> <span class='ocrx_word' id='word_1_67' title='bbox 928 1010 1071 1055; x_wconf 85' lang='lat' dir='ltr'><strong>amorem</strong></span> <span class='ocrx_word' id='word_1_68' title='bbox 1094 990 1201 1054; x_wconf 74' lang='lat' dir='ltr'><strong>canus</strong></span> 
     </span>
     <span class='ocr_line' id='line_1_10' title="bbox 244 1077 1201 1162; baseline 0.001 -20"><span class='ocrx_word' id='word_1_69' title='bbox 244 1081 321 1142; x_wconf 89' lang='lat' dir='ltr'><strong>sunt</strong></span> <span class='ocrx_word' id='word_1_70' title='bbox 343 1078 521 1162; x_wconf 84' lang='lat' dir='ltr'><strong>aestimata,</strong></span> <span class='ocrx_word' id='word_1_71' title='bbox 543 1082 653 1142; x_wconf 82' lang='lat' dir='ltr'><strong>tamen</strong></span> <span class='ocrx_word' id='word_1_72' title='bbox 675 1079 726 1142; x_wconf 80' lang='lat' dir='ltr'><strong>vel</strong></span> <span class='ocrx_word' id='word_1_73' title='bbox 739 1077 953 1142; x_wconf 82' lang='lat' dir='ltr'><strong>inimicissimi</strong></span> <span class='ocrx_word' id='word_1_74' title='bbox 970 1078 1087 1143; x_wconf 88' lang='lat' dir='ltr'><strong>iudicio</strong></span> <span class='ocrx_word' id='word_1_75' title='bbox 1106 1081 1201 1143; x_wconf 79' lang='lat' dir='ltr'><strong>tanta</strong></span> 
     </span>
     <span class='ocr_line' id='line_1_11' title="bbox 244 1166 1201 1251; baseline -0.001 -19"><span class='ocrx_word' id='word_1_76' title='bbox 244 1169 330 1251; x_wconf 90' lang='lat' dir='ltr'><strong>sunt,</strong></span> <span class='ocrx_word' id='word_1_77' title='bbox 352 1169 390 1230; x_wconf 88' lang='lat' dir='ltr'><strong>ut</strong></span> <span class='ocrx_word' id='word_1_78' title='bbox 412 1170 545 1250; x_wconf 85' lang='lat' dir='ltr'><strong>praeter</strong></span> <span class='ocrx_word' id='word_1_79' title='bbox 561 1166 681 1232; x_wconf 88' lang='lat' dir='ltr'><strong>bonam</strong></span> <span class='ocrx_word' id='word_1_80' title='bbox 702 1166 824 1231; x_wconf 83' lang='lat' dir='ltr'><strong>famam</strong></span> <span class='ocrx_word' id='word_1_81' title='bbox 845 1166 929 1231; x_wconf 89' lang='lat' dir='ltr'><strong>nihil</strong></span> <span class='ocrx_word' id='word_1_82' title='bbox 951 1166 1131 1232; x_wconf 83' lang='lat' dir='ltr'><strong>desiderare</strong></span> <span class='ocrx_word' id='word_1_83' title='bbox 1154 1167 1201 1231; x_wconf 83' lang='lat' dir='ltr'><strong>vi-</strong></span> 
     </span>
     <span class='ocr_line' id='line_1_12' title="bbox 207 1254 1201 1339; baseline 0.002 -23"><span class='ocrx_word' id='word_1_84' title='bbox 207 1255 388 1320; x_wconf 76' lang='lat' dir='ltr'><strong>adeantur.</strong></span> <span class='ocrx_word' id='word_1_85' title='bbox 434 1254 539 1331; x_wconf 79' lang='lat' dir='ltr'><strong>Quare</strong></span> <span class='ocrx_word' id='word_1_86' title='bbox 561 1255 623 1320; x_wconf 92' lang='lat' dir='ltr'><strong>hoc</strong></span> <span class='ocrx_word' id='word_1_87' title='bbox 645 1275 747 1318; x_wconf 90' lang='lat' dir='ltr'><strong>unum</strong></span> <span class='ocrx_word' id='word_1_88' title='bbox 767 1255 828 1320; x_wconf 87' lang='lat' dir='ltr'><strong>tibi</strong></span> <span class='ocrx_word' id='word_1_89' title='bbox 850 1255 1020 1339; x_wconf 81' lang='lat' dir='ltr'><strong>persuade,</strong></span> <span class='ocrx_word' id='word_1_90' title='bbox 1042 1257 1201 1338; x_wconf 85' lang='lat' dir='ltr'><strong>quantum</strong></span> 
     </span>
     <span class='ocr_line' id='line_1_13' title="bbox 243 1343 1200 1427; baseline 0.002 -19"><span class='ocrx_word' id='word_1_91' title='bbox 243 1343 365 1408; x_wconf 81' lang='lat' dir='ltr'><strong>vitibus</strong></span> <span class='ocrx_word' id='word_1_92' title='bbox 388 1344 476 1427; x_wconf 88' lang='lat' dir='ltr'><strong>eniti,</strong></span> <span class='ocrx_word' id='word_1_93' title='bbox 498 1344 633 1408; x_wconf 90' lang='lat' dir='ltr'><strong>consilio</strong></span> <span class='ocrx_word' id='word_1_94' title='bbox 655 1343 832 1427; x_wconf 82' lang='lat' dir='ltr'><strong>providere,</strong></span> <span class='ocrx_word' id='word_1_95' title='bbox 854 1343 1045 1408; x_wconf 85' lang='lat' dir='ltr'><strong>auctoritate</strong></span> <span class='ocrx_word' id='word_1_96' title='bbox 1068 1364 1200 1410; x_wconf 82' lang='lat' dir='ltr'><strong>monere</strong></span> 
     </span>
     <span class='ocr_line' id='line_1_14' title="bbox 242 1431 1200 1515; baseline -0.002 -19"><span class='ocrx_word' id='word_1_97' title='bbox 242 1433 392 1514; x_wconf 88' lang='lat' dir='ltr'><strong>potuero,</strong></span> <span class='ocrx_word' id='word_1_98' title='bbox 423 1431 485 1497; x_wconf 86' lang='lat' dir='ltr'><strong>hoc</strong></span> <span class='ocrx_word' id='word_1_99' title='bbox 513 1451 607 1497; x_wconf 87' lang='lat' dir='ltr'><strong>omne</strong></span> <span class='ocrx_word' id='word_1_100' title='bbox 634 1432 682 1496; x_wconf 89' lang='lat' dir='ltr'><strong>rei</strong></span> <span class='ocrx_word' id='word_1_101' title='bbox 707 1431 855 1515; x_wconf 88' lang='lat' dir='ltr'><strong>publicae</strong></span> <span class='ocrx_word' id='word_1_102' title='bbox 886 1453 1012 1515; x_wconf 87' lang='lat' dir='ltr'><strong>semper</strong></span> <span class='ocrx_word' id='word_1_103' title='bbox 1043 1431 1200 1496; x_wconf 84' lang='lat' dir='ltr'><strong>futurum.</strong></span> 
     </span>
     <span class='ocr_line' id='line_1_15' title="bbox 242 1517 1199 1604; baseline 0 -20"><span class='ocrx_word' id='word_1_104' title='bbox 242 1517 320 1584; x_wconf 88' lang='lat' dir='ltr'><strong>Non</strong></span> <span class='ocrx_word' id='word_1_105' title='bbox 342 1522 392 1583; x_wconf 88' lang='lat' dir='ltr'><strong>est</strong></span> <span class='ocrx_word' id='word_1_106' title='bbox 413 1519 545 1604; x_wconf 81' lang='lat' dir='ltr'><strong>ignotus</strong></span> <span class='ocrx_word' id='word_1_107' title='bbox 568 1518 647 1582; x_wconf 91' lang='lat' dir='ltr'><strong>mihi</strong></span> <span class='ocrx_word' id='word_1_108' title='bbox 670 1540 783 1584; x_wconf 89' lang='lat' dir='ltr'><strong>sensus</strong></span> <span class='ocrx_word' id='word_1_109' title='bbox 801 1523 889 1584; x_wconf 88' lang='lat' dir='ltr'><strong>tuus:</strong></span> <span class='ocrx_word' id='word_1_110' title='bbox 911 1541 1026 1604; x_wconf 86' lang='lat' dir='ltr'><strong>neque,</strong></span> <span class='ocrx_word' id='word_1_111' title='bbox 1048 1520 1076 1584; x_wconf 89' lang='lat' dir='ltr'><strong>si</strong></span> <span class='ocrx_word' id='word_1_112' title='bbox 1098 1519 1199 1584; x_wconf 85' lang='lat' dir='ltr'><strong>facul-</strong></span> 
     </span>
     <span class='ocr_line' id='line_1_16' title="bbox 242 1606 1198 1692; baseline 0.001 -21"><span class='ocrx_word' id='word_1_113' title='bbox 242 1612 303 1691; x_wconf 80' lang='lat' dir='ltr'><strong>tas,</strong></span> <span class='ocrx_word' id='word_1_114' title='bbox 326 1606 477 1692; x_wconf 83' lang='lat' dir='ltr'><strong>optabilis</strong></span> <span class='ocrx_word' id='word_1_115' title='bbox 495 1607 575 1672; x_wconf 89' lang='lat' dir='ltr'><strong>mihi</strong></span> <span class='ocrx_word' id='word_1_116' title='bbox 593 1607 731 1692; x_wconf 92' lang='lat' dir='ltr'><strong>quidem,</strong></span> <span class='ocrx_word' id='word_1_117' title='bbox 752 1609 802 1672; x_wconf 88' lang='lat' dir='ltr'><strong>tui</strong></span> <span class='ocrx_word' id='word_1_118' title='bbox 818 1609 998 1692; x_wconf 84' lang='lat' dir='ltr'><strong>praesentis</strong></span> <span class='ocrx_word' id='word_1_119' title='bbox 1017 1611 1112 1692; x_wconf 84' lang='lat' dir='ltr'><strong>esset,</strong></span> <span class='ocrx_word' id='word_1_120' title='bbox 1128 1630 1198 1672; x_wconf 86' lang='lat' dir='ltr'><strong>um-</strong></span> 
     </span>
     <span class='ocr_line' id='line_1_17' title="bbox 243 1695 1199 1781; baseline 0 -21"><span class='ocrx_word' id='word_1_121' title='bbox 243 1717 340 1781; x_wconf 84' lang='lat' dir='ltr'><strong>quam</strong></span> <span class='ocrx_word' id='word_1_122' title='bbox 367 1717 387 1760; x_wconf 89' lang='lat' dir='ltr'><strong>a</strong></span> <span class='ocrx_word' id='word_1_123' title='bbox 408 1696 473 1760; x_wconf 88' lang='lat' dir='ltr'><strong>tuis</strong></span> <span class='ocrx_word' id='word_1_124' title='bbox 496 1695 638 1760; x_wconf 85' lang='lat' dir='ltr'><strong>consiliis</strong></span> <span class='ocrx_word' id='word_1_125' title='bbox 660 1695 887 1780; x_wconf 74' lang='lat' dir='ltr'><strong>discreparem,</strong></span> <span class='ocrx_word' id='word_1_126' title='bbox 913 1717 973 1761; x_wconf 88' lang='lat' dir='ltr'><strong>nec</strong></span> <span class='ocrx_word' id='word_1_127' title='bbox 1001 1717 1091 1762; x_wconf 92' lang='lat' dir='ltr'><strong>nunc</strong></span> <span class='ocrx_word' id='word_1_128' title='bbox 1112 1718 1199 1762; x_wconf 91' lang='lat' dir='ltr'><strong>com—</strong></span> 
     </span>
     <span class='ocr_line' id='line_1_18' title="bbox 242 1783 1198 1870; baseline 0 -22"><span class='ocrx_word' id='word_1_129' title='bbox 242 1783 382 1870; x_wconf 84' lang='lat' dir='ltr'><strong>mittam,</strong></span> <span class='ocrx_word' id='word_1_130' title='bbox 408 1788 446 1848; x_wconf 91' lang='lat' dir='ltr'><strong>ut</strong></span> <span class='ocrx_word' id='word_1_131' title='bbox 468 1785 570 1848; x_wconf 89' lang='lat' dir='ltr'><strong>ullum</strong></span> <span class='ocrx_word' id='word_1_132' title='bbox 593 1805 703 1849; x_wconf 87' lang='lat' dir='ltr'><strong>meum</strong></span> <span class='ocrx_word' id='word_1_133' title='bbox 724 1785 847 1850; x_wconf 86' lang='lat' dir='ltr'><strong>factum</strong></span> <span class='ocrx_word' id='word_1_134' title='bbox 872 1784 1105 1869; x_wconf 89' lang='lat' dir='ltr'><strong>reprehendere</strong></span> <span class='ocrx_word' id='word_1_135' title='bbox 1128 1785 1198 1848; x_wconf 92' lang='lat' dir='ltr'><strong>iure</strong></span> 
     </span>
     <span class='ocr_line' id='line_1_19' title="bbox 206 1871 1197 1959; baseline 0.002 -25"><span class='ocrx_word' id='word_1_136' title='bbox 206 1873 355 1959; x_wconf 70' lang='lat' dir='ltr'><strong>spossis.</strong></span> <span class='ocrx_word' id='word_1_137' title='bbox 397 1871 475 1938; x_wconf 86' lang='lat' dir='ltr'><strong>Sum</strong></span> <span class='ocrx_word' id='word_1_138' title='bbox 497 1873 532 1936; x_wconf 90' lang='lat' dir='ltr'><strong>in</strong></span> <span class='ocrx_word' id='word_1_139' title='bbox 555 1873 792 1956; x_wconf 82' lang='lat' dir='ltr'><strong>exspectatione</strong></span> <span class='ocrx_word' id='word_1_140' title='bbox 815 1874 959 1938; x_wconf 89' lang='lat' dir='ltr'><strong>omnium</strong></span> <span class='ocrx_word' id='word_1_141' title='bbox 980 1895 1098 1958; x_wconf 89' lang='lat' dir='ltr'><strong>rerum,</strong></span> <span class='ocrx_word' id='word_1_142' title='bbox 1120 1872 1197 1956; x_wconf 91' lang='lat' dir='ltr'><strong>quid</strong></span> 
     </span>
     <span class='ocr_line' id='line_1_20' title="bbox 241 1959 1198 2046; baseline -0.001 -21"><span class='ocrx_word' id='word_1_143' title='bbox 241 1962 276 2026; x_wconf 91' lang='lat' dir='ltr'><strong>in</strong></span> <span class='ocrx_word' id='word_1_144' title='bbox 305 1959 409 2026; x_wconf 83' lang='lat' dir='ltr'><strong>Gallia</strong></span> <span class='ocrx_word' id='word_1_145' title='bbox 441 1961 601 2044; x_wconf 88' lang='lat' dir='ltr'><strong>citeriore,</strong></span> <span class='ocrx_word' id='word_1_146' title='bbox 632 1960 708 2046; x_wconf 89' lang='lat' dir='ltr'><strong>quid</strong></span> <span class='ocrx_word' id='word_1_147' title='bbox 739 1962 774 2025; x_wconf 90' lang='lat' dir='ltr'><strong>in</strong></span> <span class='ocrx_word' id='word_1_148' title='bbox 801 1961 880 2025; x_wconf 88' lang='lat' dir='ltr'><strong>urbe</strong></span> <span class='ocrx_word' id='word_1_149' title='bbox 907 1982 1017 2026; x_wconf 89' lang='lat' dir='ltr'><strong>mense</strong></span> <span class='ocrx_word' id='word_1_150' title='bbox 1043 1960 1198 2025; x_wconf 87' lang='lat' dir='ltr'><strong>Ianuario</strong></span> 
     </span>
     <span class='ocr_line' id='line_1_21' title="bbox 241 2048 1198 2136; baseline 0 -22"><span class='ocrx_word' id='word_1_151' title='bbox 241 2053 381 2136; x_wconf 84' lang='lat' dir='ltr'><strong>geratur,</strong></span> <span class='ocrx_word' id='word_1_152' title='bbox 402 2052 440 2114; x_wconf 87' lang='lat' dir='ltr'><strong>ut</strong></span> <span class='ocrx_word' id='word_1_153' title='bbox 463 2049 570 2115; x_wconf 83' lang='lat' dir='ltr'><strong>sciam.</strong></span> <span class='ocrx_word' id='word_1_154' title='bbox 610 2048 746 2115; x_wconf 89' lang='lat' dir='ltr'><strong>Interim</strong></span> <span class='ocrx_word' id='word_1_155' title='bbox 772 2049 945 2115; x_wconf 85' lang='lat' dir='ltr'><strong>maximam</strong></span> <span class='ocrx_word' id='word_1_156' title='bbox 966 2049 1020 2114; x_wconf 91' lang='lat' dir='ltr'><strong>hic</strong></span> <span class='ocrx_word' id='word_1_157' title='bbox 1043 2048 1198 2114; x_wconf 88' lang='lat' dir='ltr'><strong>sollicitu-</strong></span> 
     </span>
     <span class='ocr_line' id='line_1_22' title="bbox 241 2137 1197 2223; baseline -0.001 -20"><span class='ocrx_word' id='word_1_158' title='bbox 241 2139 350 2204; x_wconf 87' lang='lat' dir='ltr'><strong>dinem</strong></span> <span class='ocrx_word' id='word_1_159' title='bbox 372 2159 544 2222; x_wconf 87' lang='lat' dir='ltr'><strong>curamque</strong></span> <span class='ocrx_word' id='word_1_160' title='bbox 567 2139 720 2223; x_wconf 88' lang='lat' dir='ltr'><strong>sustineo,</strong></span> <span class='ocrx_word' id='word_1_161' title='bbox 741 2159 783 2202; x_wconf 90' lang='lat' dir='ltr'><strong>ne</strong></span> <span class='ocrx_word' id='word_1_162' title='bbox 804 2138 890 2201; x_wconf 89' lang='lat' dir='ltr'><strong>inter</strong></span> <span class='ocrx_word' id='word_1_163' title='bbox 907 2137 1013 2201; x_wconf 84' lang='lat' dir='ltr'><strong>aliena</strong></span> <span class='ocrx_word' id='word_1_164' title='bbox 1032 2137 1112 2202; x_wconf 85' lang='lat' dir='ltr'><strong>vitia</strong></span> <span class='ocrx_word' id='word_1_165' title='bbox 1133 2137 1197 2202; x_wconf 84' lang='lat' dir='ltr'><strong>hae</strong></span> 
     </span>
     <span class='ocr_line' id='line_1_23' title="bbox 240 2223 1197 2312; baseline -0.002 -21"><span class='ocrx_word' id='word_1_166' title='bbox 240 2230 354 2312; x_wconf 78' lang='lat' dir='ltr'><strong>gentes</strong></span> <span class='ocrx_word' id='word_1_167' title='bbox 375 2230 490 2291; x_wconf 87' lang='lat' dir='ltr'><strong>nostra</strong></span> <span class='ocrx_word' id='word_1_168' title='bbox 510 2227 597 2290; x_wconf 86' lang='lat' dir='ltr'><strong>mala</strong></span> <span class='ocrx_word' id='word_1_169' title='bbox 616 2247 708 2298; x_wconf 88' lang='lat' dir='ltr'><strong>suam</strong></span> <span class='ocrx_word' id='word_1_170' title='bbox 725 2228 842 2310; x_wconf 86' lang='lat' dir='ltr'><strong>putent</strong></span> <span class='ocrx_word' id='word_1_171' title='bbox 859 2225 1070 2290; x_wconf 86' lang='lat' dir='ltr'><strong>occasionem.</strong></span> <span class='ocrx_word' id='word_1_172' title='bbox 1101 2223 1197 2301; x_wconf 84' lang='lat' dir='ltr'><strong>Quod</strong></span> 
     </span>
     <span class='ocr_line' id='line_1_24' title="bbox 240 2313 1197 2484; baseline 0 -18"><span class='ocrx_word' id='word_1_173' title='bbox 240 2316 273 2466; x_wconf 76' lang='lat' dir='ltr'><strong>:t</strong></span> <span class='ocrx_word' id='word_1_174' title='bbox 290 2314 439 2466; x_wconf 51' lang='lat' dir='ltr'><strong>illinit</strong></span> <span class='ocrx_word' id='word_1_175' title='bbox 460 2315 598 2465; x_wconf 62' lang='lat' dir='ltr'><strong>titt</strong></span> <span class='ocrx_word' id='word_1_176' title='bbox 615 2313 1082 2484; x_wconf 64' lang='lat' dir='ltr'><strong>tltt‘’0tlttttz³&#39;l’</strong></span> <span class='ocrx_word' id='word_1_177' title='bbox 1099 2317 1197 2467; x_wconf 69' lang='lat' dir='ltr'><strong>tlt</strong></span> 
     </span>
     <span class='ocr_line' id='line_1_25' title="bbox 724 2451 733 2484; baseline 0 0"><span class='ocrx_word' id='word_1_178' title='bbox 724 2451 733 2484; x_wconf 79' lang='lat'><em>7</em></span> 
     </span>
     <span class='ocr_line' id='line_1_26' title="bbox 241 2487 1106 2575; baseline 0 -22"><span class='ocrx_word' id='word_1_179' title='bbox 241 2489 446 2553; x_wconf 78' lang='lat' dir='ltr'><strong>satisfaciam.</strong></span> <span class='ocrx_word' id='word_1_180' title='bbox 490 2487 556 2552; x_wconf 84' lang='lat' dir='ltr'><strong>Fac</strong></span> <span class='ocrx_word' id='word_1_181' title='bbox 578 2489 686 2553; x_wconf 80' lang='lat' dir='ltr'><strong>valeas</strong></span> <span class='ocrx_word' id='word_1_182' title='bbox 707 2509 822 2572; x_wconf 87' lang='lat' dir='ltr'><strong>meque</strong></span> <span class='ocrx_word' id='word_1_183' title='bbox 844 2493 957 2555; x_wconf 87' lang='lat' dir='ltr'><strong>mutuo</strong></span> <span class='ocrx_word' id='word_1_184' title='bbox 980 2489 1106 2575; x_wconf 81' lang='lat' dir='ltr'><strong>diligas.</strong></span> 
     </span>
    </p>
   </div>
   <div class='ocr_carea' id='block_1_3' title="bbox 365 2682 1068 2849">
    <p class='ocr_par' dir='ltr' id='par_1_3' title="bbox 365 2682 1068 2849">
     <span class='ocr_line' id='line_1_27' title="bbox 693 2682 733 2747; baseline -0.025 0"><span class='ocrx_word' id='word_1_185' title='bbox 693 2682 733 2747; x_wconf 91' lang='lat' dir='ltr'><strong>V.</strong></span> 
     </span>
     <span class='ocr_line' id='line_1_28' title="bbox 365 2791 1068 2849; baseline 0.001 -2"><span class='ocrx_word' id='word_1_186' title='bbox 365 2791 421 2847; x_wconf 83' lang='lat' dir='ltr'><strong>Sor.</strong></span> <span class='ocrx_word' id='word_1_187' title='bbox 441 2791 547 2849; x_wconf 88' lang='lat' dir='ltr'><strong>Romae</strong></span> <span class='ocrx_word' id='word_1_188' title='bbox 565 2796 631 2848; x_wconf 83' lang='lat' dir='ltr'><strong>ante</strong></span> <span class='ocrx_word' id='word_1_189' title='bbox 649 2795 722 2848; x_wconf 88' lang='lat' dir='ltr'><strong>Non.</strong></span> <span class='ocrx_word' id='word_1_190' title='bbox 740 2793 858 2848; x_wconf 86' lang='lat' dir='ltr'><strong>Martias</strong></span> <span class='ocrx_word' id='word_1_191' title='bbox 876 2809 900 2847; x_wconf 87' lang='lat' dir='ltr'><strong>a.</strong></span> <span class='ocrx_word' id='word_1_192' title='bbox 919 2811 946 2847; x_wconf 86' lang='lat' dir='ltr'><strong>n.</strong></span> <span class='ocrx_word' id='word_1_193' title='bbox 965 2811 989 2848; x_wconf 93' lang='lat' dir='ltr'><strong>c.</strong></span> <span class='ocrx_word' id='word_1_194' title='bbox 1008 2799 1068 2848; x_wconf 79' lang='lat'>¹111.</span> 
     </span>
    </p>
   </div>
   <div class='ocr_carea' id='block_1_4' title="bbox 521 2915 908 2973">
    <p class='ocr_par' dir='ltr' id='par_1_4' title="bbox 521 2915 908 2973">
     <span class='ocr_line' id='line_1_29' title="bbox 521 2915 908 2973; baseline -0.008 0"><span class='ocrx_word' id='word_1_195' title='bbox 521 2917 649 2973; x_wconf 82' lang='lat' dir='ltr'>CICERO</span> <span class='ocrx_word' id='word_1_196' title='bbox 668 2915 813 2973; x_wconf 84' lang='lat' dir='ltr'>PLANCO</span> <span class='ocrx_word' id='word_1_197' title='bbox 833 2915 908 2970; x_wconf 84' lang='lat' dir='ltr'>SAL.</span> 
     </span>
    </p>
   </div>
   <div class='ocr_carea' id='block_1_5' title="bbox 205 3015 1197 3274">
    <p class='ocr_par' dir='ltr' id='par_1_5' title="bbox 205 3015 1197 3274">
     <span class='ocr_line' id='line_1_30' title="bbox 205 3015 1197 3099; baseline 0.002 -21"><span class='ocrx_word' id='word_1_198' title='bbox 205 3030 218 3078; x_wconf 84' lang='lat'>1</span> <span class='ocrx_word' id='word_1_199' title='bbox 304 3015 404 3081; x_wconf 86' lang='lat' dir='ltr'><strong>Binas</strong></span> <span class='ocrx_word' id='word_1_200' title='bbox 428 3038 448 3080; x_wconf 94' lang='lat' dir='ltr'><strong>a</strong></span> <span class='ocrx_word' id='word_1_201' title='bbox 468 3020 502 3081; x_wconf 85' lang='lat' dir='ltr'><strong>te</strong></span> <span class='ocrx_word' id='word_1_202' title='bbox 524 3017 634 3099; x_wconf 89' lang='lat' dir='ltr'><strong>accepi</strong></span> <span class='ocrx_word' id='word_1_203' title='bbox 650 3017 776 3081; x_wconf 85' lang='lat' dir='ltr'><strong>litteras</strong></span> <span class='ocrx_word' id='word_1_204' title='bbox 798 3015 910 3098; x_wconf 85' lang='lat' dir='ltr'><strong>eodem</strong></span> <span class='ocrx_word' id='word_1_205' title='bbox 929 3016 1084 3099; x_wconf 87' lang='lat' dir='ltr'><strong>exemplo,</strong></span> <span class='ocrx_word' id='word_1_206' title='bbox 1107 3016 1197 3099; x_wconf 89' lang='lat' dir='ltr'><strong>quod</strong></span> 
     </span>
     <span class='ocr_line' id='line_1_31' title="bbox 237 3103 1196 3191; baseline -0.002 -21"><span class='ocrx_word' id='word_1_207' title='bbox 237 3106 345 3190; x_wconf 81' lang='lat' dir='ltr'><strong>ipsum</strong></span> <span class='ocrx_word' id='word_1_208' title='bbox 358 3106 550 3190; x_wconf 71' lang='lat' dir='ltr'><strong>argumento</strong></span> <span class='ocrx_word' id='word_1_209' title='bbox 564 3103 643 3167; x_wconf 87' lang='lat' dir='ltr'><strong>mihi</strong></span> <span class='ocrx_word' id='word_1_210' title='bbox 660 3104 725 3168; x_wconf 88' lang='lat' dir='ltr'><strong>fuit</strong></span> <span class='ocrx_word' id='word_1_211' title='bbox 742 3103 928 3191; x_wconf 74' lang='lat' dir='ltr'><strong>diligentiae</strong></span> <span class='ocrx_word' id='word_1_212' title='bbox 946 3106 1031 3186; x_wconf 85' lang='lat' dir='ltr'><strong>tuae,</strong></span> <span class='ocrx_word' id='word_1_213' title='bbox 1049 3104 1196 3168; x_wconf 84' lang='lat' dir='ltr'><strong>intellexi</strong></span> 
     </span>
     <span class='ocr_line' id='line_1_32' title="bbox 238 3190 1197 3274; baseline -0.002 -16"><span class='ocrx_word' id='word_1_214' title='bbox 238 3194 325 3258; x_wconf 88' lang='lat' dir='ltr'><strong>anim</strong></span> <span class='ocrx_word' id='word_1_215' title='bbox 345 3197 379 3258; x_wconf 85' lang='lat' dir='ltr'><strong>te</strong></span> <span class='ocrx_word' id='word_1_216' title='bbox 400 3192 561 3274; x_wconf 88' lang='lat' dir='ltr'><strong>laborare,</strong></span> <span class='ocrx_word' id='word_1_217' title='bbox 587 3194 624 3254; x_wconf 91' lang='lat' dir='ltr'><strong>ut</strong></span> <span class='ocrx_word' id='word_1_218' title='bbox 645 3191 687 3255; x_wconf 84' lang='lat' dir='ltr'><strong>ad</strong></span> <span class='ocrx_word' id='word_1_219' title='bbox 714 3212 766 3255; x_wconf 91' lang='lat' dir='ltr'><strong>me</strong></span> <span class='ocrx_word' id='word_1_220' title='bbox 792 3190 872 3254; x_wconf 91' lang='lat' dir='ltr'><strong>mihi</strong></span> <span class='ocrx_word' id='word_1_221' title='bbox 899 3191 1197 3274; x_wconf 80' lang='lat' dir='ltr'><strong>exspectatissimae</strong></span> 
     </span>
    </p>
   </div>
   <div class='ocr_carea' id='block_1_6' title="bbox 236 3345 1194 3628">
    <p class='ocr_par' dir='ltr' id='par_1_6' title="bbox 236 3345 1194 3628">
     <span class='ocr_line' id='line_1_33' title="bbox 307 3345 1194 3419; baseline -0.002 -16"><span class='ocrx_word' id='word_1_222' title='bbox 307 3348 359 3418; x_wconf 81' lang='lat' dir='ltr'><strong>Ep.</strong></span> <span class='ocrx_word' id='word_1_223' title='bbox 378 3355 404 3416; x_wconf 86' lang='lat'><strong>4,</strong></span> <span class='ocrx_word' id='word_1_224' title='bbox 418 3355 443 3402; x_wconf 82' lang='lat'><strong>2.</strong></span> <span class='ocrx_word' id='word_1_225' title='bbox 479 3347 637 3418; x_wconf 77' lang='lat' dir='ltr'><strong>reprimere,</strong></span> <span class='ocrx_word' id='word_1_226' title='bbox 661 3350 712 3399; x_wconf 82' lang='lat' dir='ltr'><strong>aut</strong></span> <span class='ocrx_word' id='word_1_227' title='bbox 738 3345 814 3415; x_wconf 84' lang='lat' dir='ltr'>(W.).</span> <span class='ocrx_word' id='word_1_228' title='bbox 859 3362 874 3399; x_wconf 82' lang='lat' dir='ltr'><strong>r</strong></span> <span class='ocrx_word' id='word_1_229' title='bbox 907 3346 1003 3401; x_wconf 65' lang='lat' dir='ltr'><strong>rimae</strong></span> <span class='ocrx_word' id='word_1_230' title='bbox 1026 3352 1076 3401; x_wconf 78' lang='lat' dir='ltr'><strong>out</strong></span> <span class='ocrx_word' id='word_1_231' title='bbox 1097 3347 1194 3419; x_wconf 80' lang='lat' dir='ltr'><strong>vulgo.</strong></span> 
     </span>
     <span class='ocr_line' id='line_1_34' title="bbox 238 3415 1193 3487; baseline 0 -16"><span class='ocrx_word' id='word_1_232' title='bbox 238 3424 261 3471; x_wconf 86' lang='lat'><strong>3.</strong></span> <span class='ocrx_word' id='word_1_233' title='bbox 289 3419 409 3487; x_wconf 76' lang='lat' dir='ltr'><strong>facultas</strong></span> <span class='ocrx_word' id='word_1_234' title='bbox 427 3450 460 3459; x_wconf 89' lang='lat'>—</span> <span class='ocrx_word' id='word_1_235' title='bbox 479 3422 533 3487; x_wconf 83' lang='lat' dir='ltr'><strong>opt.</strong></span> <span class='ocrx_word' id='word_1_236' title='bbox 557 3433 590 3470; x_wconf 89' lang='lat' dir='ltr'><strong>m.</strong></span> <span class='ocrx_word' id='word_1_237' title='bbox 615 3417 722 3484; x_wconf 77' lang='lat' dir='ltr'><strong>quidem</strong></span> <span class='ocrx_word' id='word_1_238' title='bbox 741 3447 774 3456; x_wconf 93' lang='lat'><em>-</em></span> <span class='ocrx_word' id='word_1_239' title='bbox 793 3415 837 3469; x_wconf 74' lang='lat' dir='ltr'><strong>tui</strong></span> <span class='ocrx_word' id='word_1_240' title='bbox 859 3416 868 3481; x_wconf 95' lang='lat'>(</span> <span class='ocrx_word' id='word_1_241' title='bbox 908 3416 933 3484; x_wconf 93' lang='lat'><strong>.).</strong></span> <span class='ocrx_word' id='word_1_242' title='bbox 982 3417 1046 3482; x_wconf 66' lang='lat' dir='ltr'><strong>fio.</strong></span> <span class='ocrx_word' id='word_1_243' title='bbox 1069 3434 1104 3470; x_wconf 86' lang='lat' dir='ltr'><strong>m.</strong></span> <span class='ocrx_word' id='word_1_244' title='bbox 1129 3434 1154 3486; x_wconf 79' lang='lat' dir='ltr'><strong>q.</strong></span> <span class='ocrx_word' id='word_1_245' title='bbox 1172 3422 1193 3472; x_wconf 81' lang='lat' dir='ltr'><strong>t.</strong></span> 
     </span>
     <span class='ocr_line' id='line_1_35' title="bbox 237 3485 1194 3559; baseline 0.004 -20"><span class='ocrx_word' id='word_1_246' title='bbox 237 3487 330 3556; x_wconf 84' lang='lat' dir='ltr'><strong>vulgo.</strong></span> <span class='ocrx_word' id='word_1_247' title='bbox 380 3496 404 3542; x_wconf 86' lang='lat'><strong>4.</strong></span> <span class='ocrx_word' id='word_1_248' title='bbox 431 3493 557 3559; x_wconf 77' lang='lat' dir='ltr'><strong>perator,</strong></span> <span class='ocrx_word' id='word_1_249' title='bbox 584 3491 616 3540; x_wconf 76' lang='lat' dir='ltr'><strong>ut</strong></span> <span class='ocrx_word' id='word_1_250' title='bbox 638 3487 723 3540; x_wconf 73' lang='lat' dir='ltr'><strong>sciam</strong></span> <span class='ocrx_word' id='word_1_251' title='bbox 748 3485 815 3553; x_wconf 84' lang='lat' dir='ltr'>(M.).</span> <span class='ocrx_word' id='word_1_252' title='bbox 865 3501 890 3554; x_wconf 78' lang='lat'><strong>9.</strong></span> <span class='ocrx_word' id='word_1_253' title='bbox 915 3485 958 3554; x_wconf 80' lang='lat' dir='ltr'><strong>[ot</strong></span> <span class='ocrx_word' id='word_1_254' title='bbox 980 3486 1029 3558; x_wconf 80' lang='lat' dir='ltr'><strong>sc]</strong></span> <span class='ocrx_word' id='word_1_255' title='bbox 1057 3487 1138 3556; x_wconf 82' lang='lat' dir='ltr'><strong>Ern,</strong></span> <span class='ocrx_word' id='word_1_256' title='bbox 1161 3487 1194 3544; x_wconf 89' lang='lat' dir='ltr'><strong>B.</strong></span> 
     </span>
     <span class='ocr_line' id='line_1_36' title="bbox 236 3555 1151 3628; baseline 0.003 -18"><span class='ocrx_word' id='word_1_257' title='bbox 236 3573 340 3612; x_wconf 78' lang='lat' dir='ltr'><strong>rerum:</strong></span> <span class='ocrx_word' id='word_1_258' title='bbox 357 3559 425 3627; x_wconf 71' lang='lat' dir='ltr'><strong>qaid</strong></span> <span class='ocrx_word' id='word_1_259' title='bbox 503 3560 624 3626; x_wconf 75' lang='lat' dir='ltr'><strong>perator,</strong></span> <span class='ocrx_word' id='word_1_260' title='bbox 643 3557 690 3624; x_wconf 76' lang='lat' dir='ltr'><strong>foc</strong></span> <span class='ocrx_word' id='word_1_261' title='bbox 707 3555 763 3626; x_wconf 87' lang='lat' dir='ltr'><strong>(vel</strong></span> <span class='ocrx_word' id='word_1_262' title='bbox 781 3561 812 3610; x_wconf 82' lang='lat' dir='ltr'><strong>tu</strong></span> <span class='ocrx_word' id='word_1_263' title='bbox 829 3555 895 3624; x_wconf 74' lang='lat' dir='ltr'><strong>fac),</strong></span> <span class='ocrx_word' id='word_1_264' title='bbox 912 3561 945 3610; x_wconf 75' lang='lat' dir='ltr'><strong>at</strong></span> <span class='ocrx_word' id='word_1_265' title='bbox 961 3557 1047 3612; x_wconf 82' lang='lat' dir='ltr'><strong>sciam</strong></span> <span class='ocrx_word' id='word_1_266' title='bbox 1065 3558 1113 3628; x_wconf 90' lang='lat' dir='ltr'><strong>(W</strong></span> <span class='ocrx_word' id='word_1_267' title='bbox 1115 3561 1151 3626; x_wconf 77' lang='lat'><strong>.)?</strong></span> 
     </span>
    </p>
   </div>
   <div class='ocr_carea' id='block_1_7' title="bbox 0 0 1342 3984">
    <p class='ocr_par' dir='ltr' id='par_1_7' title="bbox 0 0 1342 3984">
     <span class='ocr_line' id='line_1_37' title="bbox 0 0 1342 3984; baseline 0 4"><span class='ocrx_word' id='word_1_268' title='bbox 0 0 1342 3984; x_wconf 95' lang='lat' dir='ltr'><strong> </strong></span> 
     </span>
    </p>
   </div>
  </div>
 </body>
</html>
