2676 3984
389 200 648 256 EPISTOLARUM
666 201 699 255 x.
721 207 831 258 16-66.
1023 201 1091 265 319

129 344 361 431 gratissimum,
382 346 558 409 tamen—
580 345 630 409 fat
631 345 749 410 endum
776 348 826 412 est
852 345 1002 410 enim-
1024 346 1090 410 fuit

129 455 170 498 ea
191 432 273 498 mihi
294 432 506 518 periucunda,
533 433 578 499 sic
601 433 694 498 enim
710 434 789 518 vidi,
817 433 909 518 quasi
932 455 982 518 ea,
1006 455 1090 518 quae

130 521 233 588 oculis
256 524 441 606 cernuntur,
454 543 558 586 mea
580 522 746 587 teamcri.
780 485 891 588 Dices:
914 485 1008 608 „quid
1032 544 1090 587 an-

130 607 231 676 affl
275 607 408 694 Semper
435 609 596 694 equidem,
628 611 683 676 sed
715 633 892 696 numquam
922 611 1089 676 illustrius.

130 697 274 764 Litterae
300 701 377 763 tuae
399 698 553 764 mirabilit
538 702 588 763 ter
608 702 720 784 gratae
741 699 875 766 fuerunt
896 700 1023 765 senatui
1045 735 1090 746 -
1182 721 1188 728 ·

131 809 232 872 quum
253 786 381 852 rebus
372 787 460 873 ipsis,
469 808 565 891 quae
588 791 682 852 erant
705 788 913 876 gravissimae
936 792 969 853 et
989 788 1090 853 maxi-

130 897 213 964 mae,
235 875 404 942 fortissimi
424 875 524 942 animi
542 877 722 962 summique
741 878 875 962 consilii,
897 881 968 942 tum
991 877 1089 942 etiam

131 965 292 1052 gravitate
320 965 553 1030 sententiarum
585 970 681 1050 atque
712 967 892 1032 verborum.
939 965 1014 1049 Sed,
1044 966 1124 1029 mia

129 1053 261 1138 Plance,
282 1053 442 1138 incumbe,
464 1058 501 1118 ut
523 1055 600 1119 belli
623 1057 765 1119 extrema
786 1054 978 1139 perficiasz'
962 1075 1004 1124 ,m
1026 1054 1089 1119 hoc

131 1143 195 1208 erit
222 1163 348 1227 summa
374 1146 407 1207 61
434 1143 540 1228 gratia
568 1146 601 1207 et
627 1143 739 1228 gloria.
784 1141 887 1227 Oupio
911 1143 1020 1207 omnia
1042 1143 1089 1206 rei

129 1231 280 1317 publicae
303 1251 412 1315 caussa
441 1231 496 1297 sed
523 1231 720 1296 mehercules
747 1232 843 1296 inea
870 1229 1089 1296 conservanda

129 1320 198 1384 iarn
221 1319 416 1406 defetigatus
437 1341 506 1386 non
523 1321 625 1386 multo
644 1321 716 1404 plus
734 1321 858 1405 patriae
875 1319 969 1385 faveo
992 1340 1090 1402 quam

129 1412 208 1473 tuae
232 1409 363 1494 gloriae,
385 1409 475 1474 cuius
497 1409 676 1473 maximam·
692 1409 880 1474 facultatem
901 1408 963 1474 tibi
981 1407 1013 1471 di
1031 1407 1089 1472 im-

131 1497 296 1582 mortales,
317 1498 356 1562 ut
373 1518 476 1581 spero,
495 1497 660 1582 dederunt,
678 1519 776 1582 quam
794 1498 1013 1582 complectere,
1034 1495 1089 1561 ob·

131 1607 238 1669 secr03
260 1586 315 1670 qui
331 1583 425 1650 'enim
447 1585 628 1652 Antonium
650 1587 859 1671 oppresserit,
884 1587 912 1652 is
935 1585 997 1651 hoc
1023 1585 1091 1650 bel·

129 1676 202 1740 lum
224 1675 444 1739 taeterrimum
465 1675 835 1760 periculosissimumque
858 1673 1041 1741 confecerit

576 1867 648 1934 XX.

283 1977 341 2036 Ser.
360 1980 466 2036 Romae
484 1980 531 2035 IV.
550 1980 612 2036 Kal.
631 1980 726 2035 Iunias
745 1995 770 2036 a.
789 1997 815 2034 n.
835 1996 858 2034 c.
878 1985 939 2036 711.

462 2085 592 2160 616666
610 2101 762 2158 eunuco.

201 2201 254 2268 Ita
281 2207 374 2269 erant
400 2204 523 2288 omnia,
554 2224 636 2288 quae
662 2203 751 2267 istim
782 2198 1011 2287 afferebantur,
1042 2202 1128 2268 inl

133 2295 237 2376 certa,
268 2295 318 2377 ut,
350 2291 426 2376 quid
458 2292 499 2357 sd
529 2295 563 2357 te
590 2292 774 2376 scriberem,
800 2312 868 2357 non
898 2295 1090 2376 occurreret;

132 2381 232 2446 modo
252 2379 347 2465 enim,
365 2401 447 2464 quae
465 2381 628 2466 vellemus,
651 2380 689 2445 de
708 2379 840 2465 Lepido,
862 2379 958 2446 modo
978 2384 1091 2446 contra

133 2467 386 2553 nuntiabantur,
408 2469 502 2534 dete
524 2473 634 2534 tamen
655 2470 744 2534 fama
767 2473 933 2552 constans,
955 2490 1015 2535 nec
1035 2469 1090 2534 de·

134 2558 200 2642 cipi
221 2579 316 2642 posse
339 2579 399 2622 nec
421 2559 520 2642 vinci,
547 2579 683 2642 quorum
706 2557 836 2623 alterius
862 2559 996 2624 fortuna
1018 2581 1090 2643 par-

133 2651 203 2710 tem
224 2646 325 2711 habet
368 2647 518 2730 uandam,
541 2647 677 2710 alterum
699 2647 866 2731 proprium
883 2650 934 2711 est
952 2647 1090 2730 pruden-

134 2735 201 2799 tiae
223 2738 308 2800 tuae.
347 2669 416 2800 ded
439 2735 547 2819 accepi
569 2735 694 2800 litteras
716 2756 737 2799 a
759 2735 883 2820 collega
904 2738 976 2818 tuo,
999 2734 1129 2800 datast

134 2823 247 2888 Idibus
270 2822 380 2908 Maiis,
405 2824 441 2888 in
468 2823 584 2908 quibus
607 2826 677 2888 erat
701 2826 735 2887 te
758 2823 798 2887 ad
825 2844 857 2889 se
884 2824 1048 2908 scripsisse
1072 2848 1091 2889 a

135 2911 259 2996 Lepido
282 2932 351 2978 non
372 2913 472 2997 recipi
494 2911 688 2978 Antonium:
718 2911 804 2996 quod
831 2912 893 2976 erit
915 2913 1041 2997 cernua,
1064 2914 1091 2977 si

134 3004 174 3065 tu
201 3001 242 3066 ad
267 3021 329 3066 noe
356 3000 442 3065 idem
469 3001 647 3085 scripseris3
679 3000 734 3065 sed
764 3000 870 3066 minus
902 3001 1000 3066 audes
1026 3001 1091 3066 for-

134 3092 223 3154 tasse
250 3091 383 3174 propter
409 3090 540 3154 inanem
567 3089 725 3154 laetitiam
746 3089 927 3154 litterarum
951 3090 1091 3174 superio-

135 3199 218 3242 rum.
254 3177 385 3262 Verum,
407 3181 445 3243 ut
466 3199 581 3263 errare,
603 3178 648 3242 mi
665 3177 792 3262 Plance,
814 3177 949 3262 potuisti
963 3211 1005 3224 -
1021 3177 1093 3260 quis

135 3267 224 3332 enim
250 3267 283 3331 id
311 3266 480 3352 effugerit?
503 3303 560 3351 -,
591 3266 637 3332 sic
664 3266 768 3350 decipi
794 3269 827 3330 te
854 3286 922 3330 non
948 3265 1093 3349 potuisse

207 3475 260 3530 n
281 3482 361 3544 19,.1
398 3480 494 3546 protae
514 3475 660 3543 facerat(
660 3474 745 3545 Em).
726 3477 831 3545 )·6.ν
850 3479 914 3528 aaut
932 3473 978 3542 M,
997 3473 1091 3544 rnlgo

135 3477 720 3618 2116111661(11)61661666Μ,6ι1166.
