2556 3986
345 247 604 304 EPISTOLARUM
622 247 681 304 xv.
700 253 741 304 13.
762 254 803 303 14.
986 247 1049 314 521

83 394 116 458 is
148 393 280 478 quidem
309 393 433 478 exilior,
460 415 557 477 quam
585 393 613 458 si
639 392 699 457 tibi
727 395 760 458 te
787 393 894 478 ipsum
922 393 1053 458 intuens

84 483 290 568 gratularer,
318 481 374 547 sed
400 485 511 548 tamen
538 485 572 547 et
596 481 660 546 feei
682 484 779 546 antea
805 485 838 546 et
859 481 943 546 facio
966 503 1053 546 nuno

83 571 218 655 tibique
242 591 340 654 quum
359 592 418 655 pro
438 591 545 636 rerum
563 570 795 656 magnitudine,
818 592 898 654 quas
917 570 1054 655 gessisti,

85 664 167 724 tum
188 680 248 743 pro
276 659 518 744 opportunitate
544 659 699 743 temporis
727 659 885 745 gratulor,
912 658 998 742 quod
1019 661 1053 724 te

87 747 132 812 de
168 747 335 832 provincia
366 747 573 813 decedentem
602 769 727 812 summa
758 748 829 812 laus
863 750 897 812 et
928 769 1054 812 summa

88 837 202 922 gratia
224 836 409 920 provinciae
432 838 603 921 prosecuta
624 839 687 920 est3
717 836 849 900 tertium
872 839 930 920 est,
952 838 989 900 ut
1010 835 1052 919 id,
1071 845 1088 893 4

88 925 181 1008 quod
196 925 235 989 de
253 925 374 990 nostris
391 925 488 990 rebus
510 946 618 990 eoram
631 925 956 990 communicassemus
969 924 1054 989 inter

87 1035 165 1097 nos,
188 1013 396 1090 conficiamus
423 1013 509 1078 idem
537 1013 664 1078 litteris.
708 1011 780 1100 Ego
805 1016 983 1080 ceterarum
1005 1033 1053 1078 re·

89 1123 168 1166 rum
191 1123 289 1167 eausa
310 1101 371 1166 tibi
393 1101 531 1168 Romam
553 1101 793 1187 properandum
815 1121 934 1186 magno
958 1123 1054 1185 opere

91 1211 212 1256 censeo
236 1227 279 1238 -
302 1211 379 1256 nam
407 1193 441 1255 et
467 1211 518 1275 ee,
546 1211 627 1274 quae
654 1190 794 1274 reliqui,
812 1189 988 1272 tranquilla
1014 1189 1053 1253 de

90 1283 126 1344 te
151 1283 246 1344 erant
267 1281 301 1344 et
326 1279 388 1344 hae
415 1283 473 1345 tua
499 1279 622 1344 recenti
650 1278 785 1344 viatoria
811 1279 905 1344 tanta
932 1278 1066 1342 elutum*

90 1371 189 1432 tuum
211 1368 386 1433 adventum
407 1368 478 1434 fore
500 1368 648 1454 intelligo
662 1390 719 1450 -3
742 1366 807 1451 sed,
829 1367 857 1431 si
875 1386 957 1450 quae
977 1371 1055 1430 sunt

93 1477 197 1522 onera
218 1459 362 1540 tuorum,
381 1457 409 1522 si
431 1460 525 1522 tanta
545 1459 629 1539 sunt,
651 1458 689 1520 ut
707 1477 745 1520 ea
763 1455 921 1522 sustinere
939 1455 1054 1540 possis,

92 1566 235 1629 propera
247 1583 292 1593 —
305 1545 387 1610 nihil
405 1546 467 1611 tibi
484 1546 546 1611 erit
562 1545 692 1627 lautius,
714 1543 796 1610 nihil
815 1543 987 1630 gloriosius
1001 1579 1054 1626 -,

94 1633 148 1697 sin
170 1633 307 1718 maiora,
334 1634 515 1719 considera,
542 1655 583 1699 ne
605 1635 641 1698 in
664 1633 895 1698 alienissimum
925 1636 1053 1716 tempus

95 1721 193 1786 eadat
220 1722 377 1787 adventus
404 1726 489 1787 tuus.
538 1721 644 1786 Huius
672 1722 719 1786 rei
745 1725 852 1786 totum
883 1721 1053 1786 eonsilium

94 1811 190 1872 tuum
214 1813 276 1892 est3
301 1813 339 1874 tu
370 1810 458 1874 enim
485 1810 561 1892 seis,
587 1809 665 1892 quid
692 1810 850 1874 sustinere
877 1809 994 1892 possis:
1026 1809 1055 1874 si

95 1899 201 1981 potes,
222 1896 384 1961 laudabile
407 1901 504 1980 atque
526 1896 681 1980 populare
705 1899 766 1979 est,
794 1897 846 1960 sin
867 1897 964 1980 plane
985 1916 1054 1961 non

96 1987 200 2068 potes,
224 1985 340 2053 absens
357 1984 526 2050 hominum
545 2005 708 2050 sermones
725 1983 853 2048 facilius
872 1983 1054 2048 sustinebis.

96 2073 147 2138 De
179 2095 230 2138 me
263 2076 371 2138 autem
402 2073 488 2138 idem
509 2076 616 2138 tecum
643 2072 695 2136 his
722 2093 785 2157 ago
814 2072 945 2156 litteris,
967 2072 1089 2155 quoda

98 2162 316 2246 superioribus
340 2162 409 2247 egi,
429 2163 468 2226 ut
490 2182 602 2227 omnes
623 2164 698 2226 tuos
720 2181 837 2225 nervos
859 2160 895 2225 in
917 2181 956 2226 eo
979 2181 1054 2225 oon·

98 2249 222 2334 tendas,
244 2271 285 2316 ne
308 2249 386 2334 quid
408 2249 489 2316 mihi
507 2250 548 2314 ad
565 2248 651 2314 hano
671 2249 879 2334 provinciam,
902 2269 1000 2332 quam
1021 2252 1055 2313 et

100 2342 230 2404 senatus
262 2342 296 2403 et
325 2339 630 2423 populusannuam
652 2359 722 2402 esse
753 2337 868 2420 voluit,
899 2337 1054 2420 temporis

100 2431 303 2513 prorogetur:
331 2427 393 2493 hoo
416 2449 437 2491 a
457 2430 491 2490 te
513 2427 560 2492 ita
583 2426 753 2508 contendo,
775 2429 813 2490 ut
833 2425 870 2490 in
891 2446 930 2491 eo
952 2424 1053 2490 fortu-

100 2537 158 2580 nas
181 2537 269 2580 meos
297 2517 421 2601 positas
443 2519 563 2600 putem.
607 2513 718 2580 Habes
733 2513 883 2578 Paullum
905 2516 1054 2579 nostrum

101 2604 202 2668 nostri
229 2604 483 2688 cupidissimum,
516 2607 566 2668 est
593 2601 704 2688 Ourio,
735 2607 784 2667 est
806 2601 956 2668 Furnius.
1001 2601 1054 2668 sio

102 2691 195 2758 velim
222 2693 357 2776 enitare,
384 2693 478 2776 quasi
498 2693 534 2756 in
561 2713 611 2766 eo¹
628 2692 694 2756 sint
720 2691 801 2756 mihi
827 2691 945 2756 omnia.
989 2690 1089 2756 Eur-6

103 2783 237 2844 tremum
258 2781 338 2846 illud
361 2784 412 2846 est
434 2780 473 2844 de
495 2780 549 2864 iis,
572 2800 653 2863 quae
676 2799 917 2863 proposueram,
939 2779 1053 2845 confir·

102 2867 200 2934 matio
230 2873 361 2935 nostrae
393 2867 569 2952 amicitias,
604 2867 644 2933 de
675 2889 739 2951 qua
769 2867 916 2951 pluribus
947 2868 1053 2933 verbis

103 2955 180 3020 nihil
209 2979 290 3041 opus
318 2960 379 3022 est:
411 2959 449 3022 tu
475 2977 555 3041 puer
581 2977 632 3020 me
661 2955 826 3040 appetisti,
856 2976 917 3040 ego
946 2959 1054 3021 autem

104 3065 224 3129 semper
248 3049 438 3111 ornamento
467 3049 500 3110 te
522 3043 603 3108 mihi
624 3043 695 3110 fore
721 3043 810 3128 duxi,
837 3043 930 3108 fuisti
956 3044 1053 3109 etiam

103 3133 259 3216 praesidio
282 3133 475 3198 tristissimis
494 3134 573 3197 meis
591 3132 804 3216 temporibus,
827 3132 962 3197 secessit
978 3140 1054 3216 post

104 3224 189 3286 tuum
217 3221 392 3286 discessum
420 3220 624 3286 familiaritas
650 3220 730 3285 mihi
762 3241 834 3286 eum
861 3218 963 3284 Bruto
994 3223 1052 3284 tuo

169 3448 220 3517 Ep.
241 3455 287 3516 14,
307 3454 332 3502 4.
369 3446 459 3502 museo
478 3463 656 3504 -uam...
681 3450 796 3512 inb—5
822 3446 869 3500 aed
953 3461 998 3516 pr.
1017 3476 1052 3488 -

105 3519 168 3572 nibal
246 3520 314 3588 plor.
334 3549 383 3584 -,
400 3519 446 3572 siu
464 3518 539 3587 (Ν).
576 3534 612 3573 a:
629 3534 695 3572 uam
774 3519 824 3572 aut.
861 3515 916 3572 Sed
989 3534 1052 3588 pr.‚·

105 3605 129 3642 a.
147 3629 169 3642 ..
187 3589 239 3658 914
256 3591 302 3645 siu
319 3589 414 3660 vulgo.
434 3619 467 3630 -
481 3589 586 3660 possis:
604 3589 630 3643 sa’
646 3588 722 3658 (W.).
753 3603 784 3657 12.
813 3585 847 3643 Si
863 3587 958 3658 vulgo.
