2610 3980
246 179 310 242 110
527 180 565 234 M.
584 179 708 234 TULLII
728 177 918 234 CICERONIS
955 199 958 204 ·

243 345 375 408 prorsus
397 323 458 388 tibi
480 323 695 409 ignoscerem,
724 324 751 388 si
775 322 932 408 quosdam
958 321 1063 388 nolles
1085 319 1198 404 videre,
1290 295 1291 338 ³

244 412 308 496 sed,
331 434 430 496 quum
452 413 574 478 leviora
595 433 664 478 non
686 413 789 476 multo
812 414 929 494 essent,
952 432 1033 494 quae
1055 409 1197 474 audires·
1290 405 1291 488 ζ

242 503 310 584 tur,
338 522 434 584 quam
458 523 539 585 quae
562 501 760 584 viderentur,
788 500 967 584 suspicarer
990 503 1098 563 autem
1120 500 1198 562 mul·
1290 521 1291 576 j

224 584 313 652 ¹tum
335 589 491 654 interesse
513 589 560 654 rei
582 589 750 654 familiaris
776 592 852 653 tuae
879 593 911 652 te
935 609 1032 672 quam
1060 587 1198 670 primum
1290 587 1291 668 i

244 677 353 742 venire
375 677 471 761 idque
493 678 529 742 in
551 699 664 744 omnes
686 680 795 762 partes
817 677 948 760 valeret,
970 675 1082 760 putavi
1106 696 1144 738 ea
1162 675 1198 739 de
1290 677 1291 728 l

243 787 278 829 re
300 769 333 829 te
357 786 425 830 esse
450 765 697 832 admonendum.
743 764 814 850 Sed,
837 765 999 850 quoniam,
1022 763 1098 848 quid
1121 763 1200 826 mihi

243 854 393 938 placeret,
416 855 552 939 ostendi,
574 855 698 939 reliqua
719 857 756 918 tu
778 863 913 938 protus
931 851 1103 937 prudentia
1126 872 1198 916 con·
1290 855 1291 936 J

244 941 412 1026 siderabis3
434 964 485 1007 me
507 946 618 1008 tamen
640 943 746 1027 velim,
769 941 855 1027 quod
878 942 919 1007 ad
941 946 1069 1026 tempus
1091 943 1125 1006 te
1148 961 1198 1004 ex·

243 1035 434 1123 spectemus,
457 1033 626 1097 certiorem
647 1031 757 1097 facias.
1290 1031 1291 1034 ’

689 1241 747 1308 XI.

411 1353 469 1410 Sor.
488 1353 631 1422 Mytilenis
650 1355 768 1410 exeunte
787 1370 947 1410 annone.
968 1359 1026 1410 ⁷08.
1102 1317 1112 1336 ί
1132 1386 1135 1392 «

371 1476 589 1534 Menoetius
618 1477 789 1535 CICERONI
816 1479 843 1534 S.
869 1477 1071 1534 PLURIMAM.

209 1587 225 1636 1
310 1575 460 1643 Voluisse
493 1579 578 1663 apud
614 1599 665 1644 me
696 1583 787 1643 tuam
819 1601 945 1663 semper
976 1579 1200 1644 auctoritatem

244 1687 344 1750 quum
365 1667 401 1730 in
419 1667 508 1732 omni
525 1689 560 1732 re
577 1671 649 1732 tum
666 1669 702 1732 in
719 1666 783 1733 hoc
800 1669 937 1732 maxime
955 1668 1088 1753 negotio
1106 1671 1200 1752 potes

244 1754 439 1820 existimare:
466 1778 565 1840 quum
587 1757 667 1821 mihi
694 1753 728 1821 O.
750 1755 935 1841 Marcellus,
962 1757 1063 1820 frater
1090 1777 1201 1820 arnan-
1290 1759 1291 1792 ³

243 1843 387 1908 tissimus
409 1845 486 1928 mei,
508 1866 577 1911 non
599 1845 704 1910 solum
726 1845 895 1910 consilium
919 1845 1022 1929 daret,
1052 1844 1106 1909 sed
1129 1865 1201 1928 pre·
1290 1881 1291 1884 =

245 1931 335 1997 cibus
362 1954 489 2016 quoque
516 1955 567 1998 me
591 1933 786 2018 obsecraret,
811 1955 880 1999 non
906 1935 995 2018 prius
1023 1933 1102 1998 mihi
1129 1953 1202 2016 per·
1290 1949 1291 1956 ¹

245 2020 377 2086 suadere
399 2022 520 2106 potuit,
547 2044 645 2107 quam
666 2022 731 2087 tuis
755 2024 804 2087 est
827 2021 976 2087 effectum
1004 2022 1134 2106 litteris,
1162 2021 1203 2086 ut

243 2113 351 2174 uterer
372 2113 480 2176 vestro
503 2111 707 2194 potissimum
730 2109 874 2176 consilio.
909 2109 974 2175 Res
995 2110 1203 2195 quemadmo-
1290 2129 1291 2182 l

244 2197 321 2263 dum
344 2199 387 2263 sit
409 2203 490 2283 acta,
511 2203 637 2264 vestrae
659 2200 785 2264 litterae
808 2199 888 2263 mihi
911 2198 1084 2263 declarant.
1121 2197 1202 2263 Gra·
1290 2187 1291 2282 t

243 2287 359 2351 tulatio
391 2289 448 2351 tua
480 2287 541 2351 etsi
573 2290 623 2353 est
652 2288 733 2352 mihi
761 2287 1125 2390 probatissima,41uod
1159 2287 1204 2351 ab
1290 2295 1291 2374 ᾗ

244 2374 366 2457 optimo
389 2373 428 2437 fit
450 2375 568 2458 animo,
590 2378 699 2440 tamen
721 2376 784 2441 hoc
807 2376 887 2441 mihi
904 2377 1006 2441 multo
1029 2375 1206 2441 rucundius
1290 2376 1291 2448 l

244 2465 295 2526 est
317 2465 350 2526 et
372 2462 505 2547 gratius,
528 2464 613 2547 quod
636 2465 671 2528 in
690 2487 815 2529 summa
834 2465 996 2549 paucitate
1015 2465 1207 2546 amicorum,
1290 2479 1291 2552 ff

244 2551 499 2634 propinquorum
522 2573 559 2616 ac
581 2554 843 2637 necessariorum,
866 2554 922 2637 qui
943 2575 1024 2618 vere·
1038 2575 1127 2618 meae
1152 2576 1206 2618 sa·

243 2639 305 2703 luti
330 2639 490 2725 faverent,
516 2643 549 2704 te
577 2642 817 2726 cupidissimum
845 2642 910 2706 mei
940 2641 1207 2727 singularemque
1290 2637 1291 2716 J

209 2728 324 2792 2mihi
354 2728 613 2795 benevolentiam
640 2731 840 2816 praestitisse
871 2732 1018 2816 cognovi.
1062 2729 1208 2814 Reliqua
1290 2725 1291 2800 ἶ

245 2820 323 2882 sunt
353 2818 523 2906 eiusmodi,
555 2819 671 2904 quibus
703 2839 778 2905 ego,
810 2820 964 2903 quoniam
995 2818 1075 2884 haec
1108 2825 1209 2884 erant
1290 2869 1291 2896 2

243 2909 400 2992 tempora,
421 2907 516 2972 facile
540 2910 573 2971 et
596 2929 698 2993 aequo
722 2908 830 2974 animo
854 2909 1016 2992 carebam3
1038 2908 1100 2972 hoc
1122 2929 1208 2974 vero
1290 2911 1291 2978 j

244 2995 400 3060 eiusmodi
432 3017 501 3060 esse
532 2999 655 3078 statuo,
686 3000 723 3061 ut
755 2997 823 3061 sine
854 2999 971 3063 talium
997 2997 1141 3062 virorum
1171 3003 1210 3062 et
1290 2999 1291 3082 J

243 3086 420 3150 amicorum
447 3085 672 3150 benevolentia
694 3105 797 3169 neque
820 3085 855 3149 in
878 3086 1012 3150 adversa
1038 3107 1144 3169 neque
1168 3087 1210 3150 in
1290 3161 1291 3168 ἵ

313 3311 427 3379 E.11‚
444 3317 467 3366 1.
500 3309 529 3368 S.
551 3310 792 3367 PLURIMAM.
835 3310 960 3368 Voluisse
978 3311 1048 3382 (Ml,
1068 3311 1134 3380 W.).
1174 3314 1209 3368 S.

245 3329 487 3437 PLUtIMAM.
530 3381 687 3438 Plurimum
704 3383 758 3438 ool.
778 3383 845 3454 (Or.)
866 3399 902 3438 an
920 3382 948 3438 S.
970 3382 1129 3438 Plurimum
1147 3387 1209 3440 val.
1290 3447 1291 3452 η

244 3451 314 3520 (Μῖ,
324 3451 385 3522 B.)?
396 3485 429 3493 -
440 3455 608 3509 enimuero:
622 3471 706 3524 quum
716 3453 763 3524 (W
764 3457 791 3526 .).
823 3455 985 3511 existimare.
1007 3455 1097 3526 Quum
1106 3455 1208 3526 vulgo.

247 3524 302 3576 mei
342 3523 429 3590 fuisse
468 3525 568 3595 siupul.
589 3525 674 3595 (Wll
