2636 3986
393 211 653 268 EPISTOLARUM
671 213 745 269 XIII.
764 218 805 268 lb.
827 219 867 268 16.
1041 213 1106 278 433

110 417 113 423 .
151 358 408 441 menter-aptum
434 357 543 442 itaque
571 358 612 423 ab
640 380 678 424 eo
706 359 878 423 admodum
905 358 1106 443 diligebatur.

151 445 230 511 Post
251 449 389 511 mortem
416 450 524 511 autem
547 444 653 511 Crassi
681 468 719 511 eo
746 447 826 511 mihi
854 445 951 510 etiam
979 447 1141 531 digniora

150 534 238 599 visus
266 537 328 618 est,
360 555 456 618 quem
487 535 522 598 in
553 535 649 599 fidem
680 538 776 619 atque
805 535 978 614 amicitiam
1002 557 1107 600 meam

151 623 340 707 reciperem,
367 623 453 706 quod
477 645 531 688 eos
555 646 574 687 a
598 645 631 688 se
655 623 873 690 observandos
900 626 933 688 et
956 623 1107 688 colendos

151 710 299 794 putabat,
320 733 400 796 quos
417 711 473 776 ille
495 711 658 778 dilexisset
679 713 845 796 atquibus
865 733 957 784 carus
979 712 1107 795 fuisset,

152 799 260 884 itaque
283 802 316 863 et
338 799 379 864 ad
402 821 453 864 me
475 799 511 865 in
529 797 673 866 Ciliciam
696 801 785 866 venit
807 799 979 884 multisque
1002 801 1038 864 in
1059 822 1108 865 re·

150 887 213 953 bus
234 887 315 952 mihi
337 909 457 973 magno
480 890 553 953 usui
575 889 639 954 fuit
666 893 699 954 et
719 889 800 954 fides
823 890 891 954 eins
915 892 948 953 et
968 888 1107 974 pruden-

151 974 207 1060 tia,
231 978 272 1060 et,
295 979 331 1040 ut
354 978 485 1061 opinor,
507 977 568 1041 tibi
589 979 625 1042 in
647 976 867 1042 Alexandrino
890 977 985 1061 bell0,
1008 999 1108 1061 quau·

151 1067 222 1128 tum
245 1065 351 1130 studio
370 1068 404 1129 et
421 1065 576 1130 fidelitate
594 1066 748 1150 consequi
765 1065 880 1150 potuit,
902 1087 970 1131 nou
993 1065 1142 1130 defuitza
1246 1131 1248 1134 .

153 1151 239 1236 quod
267 1174 366 1237 quum
393 1157 538 1238 speraret
564 1158 597 1218 te
625 1176 751 1239 quoque
778 1155 826 1219 ita
853 1153 1047 1238 existimare,
1073 1154 1109 1218 in

152 1239 345 1326 Hispaniam
367 1242 409 1305 ad
430 1246 463 1308 te
486 1242 623 1308 maxime
650 1243 704 1307 illc
727 1243 855 1327 quidem
883 1264 941 1308 suo
965 1242 1109 1327 consilio,

153 1330 209 1394 sed
232 1331 331 1396 etiam
352 1333 410 1397 me‘
426 1333 557 1396 auctore
581 1335 630 1396 est
651 1331 824 1416 profectus.
861 1327 921 1396 Oui
944 1353 1004 1417 ego
1024 1352 1108 1396 com·

153 1418 392 1484 mandationem
424 1441 492 1485 non
524 1442 595 1484 sum
626 1420 802 1505 pollicitus,
832 1441 901 1485 non
933 1420 1011 1504 quin
1038 1441 1109 1484 eam

154 1507 324 1572 valituram
348 1508 433 1592 apud
456 1511 489 1573 te
512 1509 694 1594 arbitrarer,
716 1509 771 1573 sed
794 1530 898 1592 neque
917 1529 1010 1593 egere
1029 1507 1109 1572 mihi

154 1597 431 1662 commendatione
463 1597 644 1682 videbatur,
676 1597 731 1681 qui
763 1601 796 1662 et
826 1597 972 1662 inbelle
1002 1599 1110 1662 tecum

155 1683 271 1750 fuisset
298 1689 331 1750 et
358 1690 490 1771 propter
516 1687 704 1751 memoriam
729 1683 839 1751 'Crassi
867 1685 905 1750 de
932 1685 997 1750 tuis
1025 1707 1109 1750 unus

155 1777 248 1858 esset,
271 1777 312 1857 et,
336 1775 364 1838 si
385 1775 434 1839 uti
458 1773 789 1839 commendationibus
807 1772 913 1858 vellet,
937 1774 1035 1838 etiam
1052 1795 1110 1857 per

155 1861 235 1926 alios
259 1883 332 1926 eum
355 1861 502 1927 videbam
524 1862 557 1926 id
581 1862 734 1946 consequi
756 1883 866 1945 posse:
888 1861 1110 1926 testimonium

154 1949 280 2014 meida
304 1972 342 2015 eo
364 1949 488 2033 iudicii,
516 1949 601 2034 quod
630 1951 663 2014 ct
687 1949 757 2034 ips‘e
784 1949 896 2033 magni
918 1949 1111 2014 aestimabat

155 2042 188 2102 et
215 2059 276 2124 ego
305 2038 391 2122 apud
418 2041 451 2102 te
478 2038 583 2102 valere
612 2059 699 2101 eram
727 2041 889 2122 expertus,
917 2038 946 2100 ei
972 2036 1110 2101 libenter

155 2125 237 2190 dedi.
286 2125 427 2191 Doctum
453 2125 554 2211 igitur
579 2125 744 2190 hominem
771 2125 909 2210 cognovi
936 2127 969 2189 et
996 2125 1143 2190 studiisl

156 2213 287 2297 optimis
310 2212 467 2298 deditum,
493 2213 588 2298 idque
617 2235 636 2277 a
661 2234 775 2298 puero:
803 2235 879 2277 nam
907 2213 994 2279 domi
1020 2233 1111 2278 meae

156 2323 230 2366 cum
252 2300 394 2368 Diodoto
418 2299 540 2386 Stoico,
565 2301 696 2368 homine
724 2323 795 2367 meo
823 2301 941 2366 iudicio
965 2301 1110 2366 eruditis·

155 2389 250 2474 simo,
272 2392 410 2455 multum
432 2413 452 2455 a
474 2413 574 2476 puero
601 2390 677 2472 fuit3
703 2411 790 2456 nunc
813 2393 934 2475 autem,
959 2389 1110 2455 incensus

155 2478 261 2544 studio
284 2502 392 2545 rerum
414 2481 557 2565 tuarum,
581 2501 634 2544 eas
661 2478 777 2544 litteris
805 2477 934 2544 Graecis
957 2477 1110 2564 mandare

155 2567 314 2652 cupiebat.
349 2567 448 2634 Posse
462 2567 613 2633 arbitror:
627 2569 714 2642 valet
726 2567 872 2654 ingenim
890 2567 991 2632 habet
1003 2589 1110 2652 usum3

154 2656 344 2740 iampridem
371 2656 406 2721 in
433 2678 470 2722 eo
499 2678 615 2742 genere
644 2655 741 2721 studii
769 2657 1012 2740 litterarumque
1042 2678 1110 2721 ver-

155 2748 258 2828 satur3
281 2745 466 2810 satisfacere
489 2745 725 2810 immortalitati
746 2745 878 2809 laudum
900 2747 1030 2809 tuarum
1053 2745 1110 2809 mi·

155 2833 300 2898 rabiliter
323 2834 420 2919 cupit.
456 2831 565 2898 Habes
589 2833 750 2918 opinionis
773 2854 862 2897 meae
881 2833 1110 2918 testimonium,

156 2920 212 2986 scd
238 2925 276 2987 tu
301 2921 364 2987 hoc
395 2922 522 2987 facilius
548 2923 651 2987 multo
678 2944 737 3006 pro
764 2924 822 2986 tua
854 2921 1010 3007 singulari
1037 2945 1110 3006 pru·

156 3010 266 3075 dantia
288 3010 452 3076 iudicabis.
489 3009 533 3074 at
555 3014 674 3094 tamen,
697 3010 783 3094 quod
800 3031 1003 3095 negaveram,
1026 3031 1109 3075 com-

155 3100 272 3164 mendo
295 3099 356 3163 tibi
379 3121 464 3165 eum:
488 3099 641 3184 quidquid
664 3097 693 3163 ei
712 3098 972 3182 commodaveris,
994 3098 1055 3162 erit
1077 3096 1109 3162 id

154 3187 233 3253 mita·
255 3189 409 3254 maiorem
431 3188 466 3252 in
489 3186 620 3253 modum
642 3190 779 3274 gratum.

226 3396 278 3522 Ep,
293 3403 340 3522 I136,
355 3404 379 3452 4.
416 3398 447 3453 id
465 3398 531 3452 mibi
554 3397 682 3452 maiorem
704 3396 764 3466 (Ia).
806 3395 986 3451 idmaiorem
1005 3395 1041 3448 M.
1080 3396 1111 3450 id

154 3485 189 3523 m.
208 3485 276 3522 mas
318 3509 323 3522 .

209 3644 322 3688 Ciceronis
336 3646 400 3697 epist.
413 3647 431 3687 L
664 3667 667 3671 ·
861 3651 894 3700 28
