2658 3986
381 221 640 280 EPISTOLARUM
657 221 718 278 Vll.
740 228 780 277 10.
801 230 841 277 11.
1024 219 1090 286 205

132 370 215 436 mihi
242 390 313 434 esse
341 369 505 454 solatium,
537 387 634 453 quere
661 367 788 433 facilius
815 367 937 452 possim
963 367 1033 450 peti
1059 370 1091 431 te

132 480 204 526 esse
228 458 298 523 sine
320 459 428 542 nobis,
452 457 479 523 si
501 457 562 522 tibi
585 478 654 523 esse
682 456 715 522 id
738 457 955 522 emolumento
980 456 1092 538 sciem3

133 548 187 614 sin
210 547 375 612 autemid
397 568 466 612 non
488 550 550 631 est,
572 546 655 610 nihil
677 545 802 610 duobus
824 545 920 610 nobis
943 547 994 609 est
1015 546 1092 609 stul-
1119 545 1122 550 ’

132 636 213 702 iius:
236 658 297 719 me,
321 636 375 720 qui
397 639 430 700 te
453 657 521 701 non
538 634 677 700 Remum
695 634 866 718 attraham,
888 637 931 718 tc,
953 633 1008 718 qui
1026 651 1094 699 non

134 725 199 790 huc
224 724 368 808 advcles3
394 743 462 790 une
483 723 664 790 mehercule
689 727 805 789 nostre
830 723 883 788 rel
909 741 1020 788 severe
1042 723 1094 787 rel

134 815 253 880 iocose·
265 813 450 900 congressio
469 813 570 897 pluris
589 813 651 879 erit
669 833 766 897 quem
778 833 847 878 nen
858 811 956 878 medo
975 811 1094 894 hostes,

133 903 192 968 sed
216 903 314 968 etiem
337 902 453 967 fratres
477 901 581 968 nostri
603 901 716 967 Aedui.
752 901 858 978 Quare
882 901 1031 966 omnibus
1055 899 1094 965 de

134 993 233 1058 rebus
256 991 310 1056 fec
331 994 370 1056 ut
391 1013 488 1076 quem
511 992 650 1077 primum
673 991 785 1055 eciem:

219 1119 277 1180 eut
300 1115 496 1181 consolando
517 1113 579 1180 'eut
601 1113 735 1180 consilio
760 1117 817 1178 eut
838 1135 872 1177 re
896 1114 1016 1179 iuvere.

586 1341 642 1410 XI.

265 1457 322 1512 Scr.
342 1429 447 1513 Remee
467 1459 543 1527 (ente
561 1475 597 1512 m.
616 1456 760 1526 Martium)
779 1471 804 1510 a.
823 1473 849 1510 u.
869 1470 892 1509 c.
913 1461 962 1510 701

448 1580 576 1638 CICERO
596 1579 787 1636 TREBATIO.

204 1679 280 1746 Nisi
297 1684 372 1746 ente
390 1681 496 1747 Roma
512 1682 677 1766 profectus
698 1702 793 1767 esses,
815 1701 903 1748 nunc
921 1701 993 1746 cem
1011 1682 1096 1744 certe
1117 1695 1130 1744 1

136 1771 352 1855 relinquerem
384 1771 455 1855 quis
482 1772 568 1835 enim
594 1774 645 1836 tot
676 1770 870 1856 interregnis
901 1769 1096 1836 iureconsul-

137 1864 211 1924 tum
238 1859 419 1924 desiderat?
464 1859 537 1946 Ego
566 1859 729 1944 omnibus,
758 1859 844 1924 unde
871 1860 1004 1944 petitur,
1035 1857 1098 1922 hoc

139 1948 270 2014 consilii
297 1948 453 2033 dederim,
479 1952 517 2013 ut
543 1969 563 2012 e
590 1947 726 2033 singulis
757 1949 974 2033 interregibus
1004 1944 1098 2010 binas

139 2037 370 2103 advocationes
397 2038 574 2121 postulent:
608 2037 728 2101 satisne
754 2033 816 2101 tibi
844 2037 954 2101 videor
981 2035 1039 2098 ebs
1066 2038 1098 2098 tc

139 2127 191 2190 ius
220 2126 312 2191 civile
339 2125 509 2190 didicisse?
555 2123 617 2190 Sed
646 2125 726 2188 heus
749 2127 799 2208 tu,
827 2125 903 2208 quid
931 2121 1022 2208 egis?
1050 2135 1133 2186 cer

140 2215 220 2300 quid
236 2214 296 2279 fit?
319 2215 411 2280 rideo
428 2215 516 2279 enim
534 2217 566 2279 tc
584 2215 650 2278 iem
667 2213 767 2278 iocari
784 2233 842 2298 per
859 2213 996 2278 litteras:
1019 2210 1099 2275 hece

141 2304 238 2389 signe
264 2304 397 2368 meliore
424 2307 501 2368 sunt
528 2325 624 2388 quem
651 2303 687 2366 in
714 2323 786 2368 mec
810 2301 1007 2384 Tusculano,
1035 2299 1100 2385 sed,

141 2393 220 2477 quid
244 2393 294 2477 eit,
317 2392 397 2457 scire
422 2393 525 2476 cupio.
557 2390 690 2457 Oonsuli
714 2391 842 2475 quidem
865 2395 897 2463 te
921 2413 941 2454 c
964 2387 1100 2455 Oecserc

142 2481 270 2564 scribis,
298 2481 353 2546 sed
382 2481 525 2566 egotibi
548 2481 589 2546 ab
612 2481 668 2544 illo
696 2481 821 2546 consuli
843 2481 985 2544 mallem:
1013 2477 1100 2562 quod

141 2570 170 2635 si
193 2572 252 2634 eut
272 2569 311 2633 fit
333 2573 390 2634 cut
411 2569 557 2635 futurum
578 2573 683 2654 putes,
705 2570 812 2652 perfer
832 2569 929 2634 istem
951 2567 1101 2633 militium

142 2662 176 2724 et
197 2679 364 2742 permans3
391 2679 452 2744 ego
481 2659 567 2723 enirn
590 2657 782 2722 desiderium
810 2658 859 2723 tui
887 2679 943 2742 spe
969 2661 1100 2722 tucrum

142 2748 386 2812 commodorum
413 2747 696 2830 consolabor31in
723 2750 831 2812 eutem
858 2747 922 2810 iste
949 2748 1026 2811 sunt
1053 2745 1100 2809 in-

142 2835 270 2919 aniore,
298 2837 404 2920 recipe
426 2839 459 2900 te
483 2837 524 2900 ed
546 2857 620 2919 nos,
642 2853 719 2899 nem
742 2838 799 2900 cut
822 2834 882 2899 erit
904 2835 957 2900 hic
980 2834 1101 2918 aliquid

143 2925 317 3008 aliquando
342 2927 411 3009 eut,
435 2925 605 3007 siminus,
632 2944 698 2988 une
720 2923 900 2988 mehercule
929 2921 1100 2989 collocutio

141 3015 257 3078 nostre
277 3013 380 3098 pluris
403 3013 465 3079 erit
483 3035 580 3098 quem
600 3033 712 3078 omnes
733 3009 990 3096 Samarobrivam
1013 3011 1101 3075 deni·

142 3121 215 3186 que,
238 3101 266 3166 si
289 3101 352 3168 cito
375 3105 408 3167 te
431 3101 607 3186 rettuleris,
629 3123 732 3166 sermo
756 3102 864 3167 nullus
887 3102 960 3185 erit,
983 3100 1011 3165 si
1033 3098 1099 3163 diu·

141 3191 208 3254 tius
231 3189 352 3256 frustra
375 3190 503 3275 afueris,
525 3211 593 3256 non
615 3190 711 3255 ruodo
726 3186 907 3274 Laberium,
929 3187 1101 3253 sedetiam

142 3279 287 3344 sodalem
309 3283 458 3344 nostrum
480 3278 648 3345 Valerium
674 3279 878 3363 pertimesc03
905 3277 987 3341 mira
1014 3275 1101 3340 enim

141 3389 283 3452 persona
305 3368 415 3434 induci
441 3372 550 3454 potest
567 3367 749 3438 Britannici
762 3365 979 3433 iureconsulti.
1011 3363 1135 3429 Haece

214 3576 266 3648 Ep.
288 3583 329 3646 10,
344 3583 368 3632 4.
406 3578 498 3634 Aedui
517 3577 588 3646 (edd.
608 3579 697 3647 vett).
734 3576 848 3632 Haedui
865 3575 931 3630 ΜΒ.
