2586 3982
239 247 284 314 70
522 247 559 301 M.
579 244 702 300 TULLII
720 237 910 298 CICERONIS

205 391 396 479 osuspicari
419 391 547 478 quidem
569 413 710 477 possum.
749 389 831 477 Ego,
853 394 891 455 ut
912 411 964 454 mc
986 389 1047 455 tibi
1070 389 1195 454 amicis·

241 484 356 548 simum
380 504 448 547 esse
476 484 509 546 et
532 481 626 565 aequi
648 484 681 545 et
707 480 810 564 iniqui
836 479 1033 564 intelligant,
1062 477 1197 544 curabo:

241 573 279 637 de
302 575 364 646 tuo
382 571 417 635 in
444 592 495 636 mc
519 569 626 635 animo
654 569 773 654 iniquis
801 589 891 633 secus
919 567 1123 632 existimandi
1150 567 1198 631 vi-
1289 581 1290 646 l

241 660 324 726 deris
338 659 488 724 nonnihil
500 659 564 723 loci
578 657 715 742 dedisse3
728 657 762 722 id
776 657 803 722 si
817 657 1000 741 correxeris,
1010 656 1090 720 mihi
1103 655 1199 720 valde
1289 649 1290 740 l

241 753 370 835 gratum
392 749 461 812 crit.
505 746 563 830 Et,
590 750 627 811 ut
653 746 772 811 habere
798 745 958 810 rationem
986 745 1105 829 possis,
1132 766 1199 828 quo
1289 743 1290 828 Ῐ

240 839 311 903 loco
334 859 386 901 me
409 837 499 901 salva
519 837 591 921 lege
606 832 756 900 Cornelia
778 832 959 918 convenias,
982 854 1043 919 ego
1065 833 1102 898 in
1147 855 1200 898 ro·
1289 831 1290 896 l

240 926 379 991 vinciam
401 925 477 991 reni
497 924 600 1009 pridie
622 922 785 989 Kalendas
809 920 957 1006 Sextiles,
979 921 1042 987 iter
1062 922 1099 986 in
1121 855 1201 986 dili-
1289 925 1290 1012 i

241 1015 324 1079 ciam
342 1013 426 1079 facio
446 1035 503 1098 per
522 1011 768 1097 Cappadociam,
791 1014 897 1075 castra
915 1012 1002 1076 mori
1025 1010 1066 1075 ab
1085 1009 1201 1076 Iconio
1289 1013 1290 1068 Ϊ

240 1103 343 1187 pridie
365 1102 529 1167 Kalendas
548 1099 759 1186 Septembres.
794 1098 891 1164 Nunc
908 1101 946 1163 tu
969 1102 1002 1163 at
1023 1120 1063 1163 ex
1085 1098 1201 1166 diebus
1283 1104 1290 1184 i

242 1195 275 1255 et
293 1213 332 1257 ex
349 1191 474 1256 ratione
492 1191 626 1274 itineris,
649 1190 677 1254 si
694 1188 824 1274 putabis
841 1209 893 1254 me
913 1209 982 1252 csse
1005 1187 1201 1253 convenien·
1289 1187 1290 1244 l

242 1279 331 1363 dum,
363 1279 551 1361 constitues,
583 1299 647 1363 quo
673 1279 745 1344 loco
777 1277 810 1343 id
843 1274 1099 1342 commodissime
1126 1275 1202 1342 fieri

243 1369 347 1452 possit
369 1371 402 1432 et
425 1388 488 1451 quo
512 1365 572 1432 die.
1289 1369 1290 1392 ἶ

680 1561 754 1627 VII.

312 1673 369 1729 Ser.
388 1673 544 1730 Laodiceae
563 1671 673 1728 circiter
691 1674 731 1728 ld.
752 1672 918 1728 Februarias
937 1689 961 1729 a.
981 1691 1008 1728 u.
1027 1689 1050 1728 c.
1071 1677 1129 1727 ⁷04.

442 1799 485 1852 M.
506 1795 634 1852 CICERO
655 1796 682 1852 S.
700 1796 733 1852 D.
752 1797 807 1852 ΑΡ.
826 1795 1002 1853 PULCHRO.

211 1913 225 1963 1
333 1899 483 1966 Pluribus
506 1897 611 1962 verbis
635 1896 676 1961 ad
691 1900 730 1962 te
754 1897 900 1981 scribam,
923 1917 1022 1981 quum
1043 1895 1116 1980 plus
1141 1897 1204 1961 otii
1289 1945 1290 1966 2

243 1991 359 2054 nactus
382 2009 449 2054 ero:
475 1987 556 2052 haec
579 1984 692 2070 scripsi
715 1984 836 2071 subito,
865 2006 963 2070 quum
985 1983 1080 2049 Bruti
1106 1986 1204 2069 pueri
1289 1983 1290 1990 '

244 2077 422 2144 Laodiceae
444 2097 495 2143 me
520 2075 745 2142 convenissent
767 2077 801 2140 et
819 2096 852 2140 se
870 2073 1008 2139 Romam
1025 2095 1203 2158 properare

245 2167 412 2250 dixissent3
439 2166 548 2251 itaque
575 2165 681 2230 nullas
709 2165 748 2228 iis
775 2165 1000 2248 praeterquam
1031 2163 1073 2227 ad
1106 2165 1139 2226 te
1168 2167 1205 2228 et
1289 2155 1290 2200 l

210 2276 226 2324 a
245 2256 287 2320 ad
308 2255 448 2320 Brutum
470 2254 543 2319 dedi
564 2254 698 2318 litteras.
739 2251 853 2338 Legati
875 2251 1020 2337 Appiani
1041 2250 1121 2316 mihi
1144 2273 1203 2318 ro·
1289 2247 1290 2294 l

245 2345 355 2409 lumen
377 2365 397 2408 a
419 2345 451 2407 tc
474 2343 606 2426 plenum
635 2341 783 2425 querelae
809 2341 1029 2426 iniquissimae
1055 2340 1203 2406 reddide·

227 2435 331 2515 runt,
353 2431 438 2516 qnod
462 2451 572 2496 eorum
595 2429 849 2496 aedificationem
867 2431 983 2495 fitteris
1002 2430 1081 2495 meis
1100 2430 1203 2515 impe·

245 2519 376 2603 dissem3
399 2519 510 2584 eadem
529 2522 637 2584 autem
656 2519 793 2604 epistola
809 2518 951 2604 petebas,
973 2521 1010 2584 ut
1028 2541 1083 2584 eos
1102 2539 1204 2602 quam
1289 2507 1290 2588 l

245 2608 398 2693 primum,
424 2629 465 2673 ne
493 2607 528 2672 in
554 2607 692 2674 hiemem
718 2607 909 2692 inciderent,
941 2608 982 2673 ad
1011 2607 1205 2674 facultatem
1289 2633 1290 2688 q

246 2696 436 2762 aedificandi
458 2697 640 2781 liberarem,
670 2699 702 2761 ct
725 2696 820 2762 simul
842 2699 993 2781 peracute
1016 2695 1205 2784 querebare,
1289 2711 1290 2778 l

246 2785 332 2870 quod
352 2807 406 2851 eos
425 2785 548 2850 tributa
566 2785 692 2871 exigere
711 2789 861 2871 vetarem,
879 2786 1066 2871 priusquam
1085 2806 1145 2872 ego
1165 2809 1203 2853 re

247 2874 379 2960 cognita
391 2874 619 2958 permisissem
637 2894 740 2960 genus
754 2875 840 2938 enirn
854 2873 1015 2958 quoddam
1028 2875 1127 2940 fuisse
1141 2875 1204 2941 im·
1289 2929 1290 2954 ,

245 2962 404 3048 pediendi,
414 2984 512 3047 quum
526 2983 586 3049 ego
602 2983 795 3048 cognoscere
808 2984 876 3028 non
883 2983 1013 3046 possete,
1023 2963 1087 3028 nisi
1101 2984 1205 3052 quum
1289 2995 1290 3046 3

211 3051 287 3122 aad
318 3052 458 3116 hiemem
483 3072 535 3115 me
563 3072 602 3116 ex
629 3049 741 3117 Cilicia
767 3051 966 3136 recepissem.
1011 3051 1063 3117 Ad
1091 3054 1205 3118 omnia

167 3157 171 3165 ·
247 3140 355 3225 accipe
378 3143 411 3204 et
433 3161 591 3226 cognosce
614 3140 809 3225 aequitatem
827 3141 1093 3225 expostulationis
1110 3144 1203 3208 tuae:
1289 3149 1290 3186 ἱ

246 3229 399 3313 primum,
426 3249 525 3313 quum
548 3227 588 3292 ad
611 3250 661 3292 me
685 3227 807 3293 aditum
830 3230 978 3294 essetab
1000 3229 1054 3313 iis,
1077 3230 1131 3315 qui
1154 3230 1204 3296 di·
1289 3255 1290 3312 p

247 3322 356 3382 carent
379 3338 399 3382 a
421 3338 456 3382 sc
478 3316 695 3382 intolerabilia
716 3317 838 3382 tributa
861 3317 958 3404 exigi,
986 3317 1063 3402 quid
1084 3317 1204 3385 habuit

317 3527 368 3598 Ep.
389 3535 417 3597 6,
437 3534 461 3582 6.
512 3529 626 3583 ceroto:
651 3529 797 3584 tudetem
820 3527 904 3596 (W.)?
954 3528 1115 3583 amictae
1133 3527 1201 3584 ΜΒ,

247 3595 298 3666 Ee·
319 3604 342 3666 τ,
359 3603 382 3651 1.
418 3597 762 3670 nursiamcasam).
799 3598 889 3654 naua.
908 3597 971 3653 us.
1289 3607 1290 3612 a
