2658 3986
235 213 298 277 188
514 211 552 265 11.
571 210 696 265 TULLII
713 209 903 266 CICERONIS

231 359 338 442 ipsum
361 356 440 421 sciet
462 391 519 439 —-,
544 375 613 419 non
635 355 804 439 accepisse.
849 353 912 419 Sed
932 359 1043 419 tamen
1065 357 1187 440 aliquid

232 446 424 528 videbimus,
454 443 489 508 in
517 464 580 526 quo
608 444 652 506 sit
677 444 813 527 species3
844 444 938 507 aliter
964 445 1093 527 quidem
1118 467 1188 510 non
1314 507 1315 532 ,

232 534 329 599 modo
350 555 419 599 non
441 531 667 617 appetendum,
689 532 745 596 sed
768 533 866 596 etiam
887 532 1078 617 fugiendum
1096 537 1187 617 puto.
1314 535 1315 538 ’

232 622 306 708 Ego
337 643 389 686 me
414 620 554 685 Asturae
586 621 706 684 diutius
737 621 877 684 arbitror
904 625 1188 707 commoraturum,

233 711 340 796 quoad
361 711 416 774 ille
438 708 631 793 quandoque
653 709 770 773 veniat
814 708 906 774 Vale.

673 901 746 968 XX.

322 1015 379 1071 Ser.
398 1017 518 1072 Asturae
536 1017 655 1070 exeunte
673 1031 768 1070 mense
787 1014 886 1088 Sextili
904 1032 929 1070 a
947 1034 975 1071 a
994 1034 1017 1071 c.
1038 1024 1097 1073 709.

506 1139 634 1196 CICERO
654 1138 817 1194 TORANIO
836 1139 912 1196 SAL.

199 1255 211 1302 1
298 1241 457 1306 Dederam
478 1241 586 1304 triduo
609 1243 685 1303 ante
707 1239 815 1323 pueris
837 1236 894 1303 On.
916 1239 1041 1305 Plancii
1062 1242 1188 1307 litteras
1316 1241 1317 1272 l

233 1331 274 1394 ad
296 1333 343 1413 11,
365 1350 404 1395 eo
425 1350 513 1392 nunc
536 1349 591 1392 ero
614 1328 743 1392 brevior
763 1331 873 1410 teque,
895 1332 933 1392 ut
955 1333 1051 1393 antea
1073 1351 1188 1396 conso·

231 1418 337 1501 labar,
362 1417 425 1482 boc
451 1420 596 1500 tempore
623 1415 770 1480 monebo.
814 1415 906 1480 Nihil
927 1421 1007 1502 puto
1029 1417 1090 1481 tibi
1117 1440 1187 1484 esse

232 1507 343 1571 utilius
374 1527 471 1589 quam
501 1504 621 1568 ibidem
643 1505 796 1588 opperiri,
828 1505 934 1588 quoad
965 1506 1045 1570 scire
1072 1508 1187 1592 possis,

233 1595 310 1678 quid
322 1593 383 1658 tibi
396 1592 558 1679 agendum
571 1593 626 1657 111·
648 1614 726 1657 nam
738 1595 866 1676 praeter
882 1593 1099 1679 navigationis
1117 1596 1187 1659 lon-

233 1704 294 1768 gae
308 1685 341 1746 et
352 1682 499 1746 hiemalis
514 1686 547 1746 et
559 1681 691 1745 minime
708 1684 882 1764 portuosae
895 1682 1082 1766 periculum,
1100 1684 1188 1769 quod

232 1771 392 1854 vitaveris,
405 1791 447 1834 ne
460 1770 539 1835 illud
554 1770 682 1852 quidem
695 1791 763 1834 non
777 1771 947 1854 quantivis,
960 1771 1068 1835 subito
1068 1794 1187 1855 ,quum

233 1860 312 1924 certi
334 1859 455 1943 aliquid
472 1858 620 1941 audieris,
639 1861 673 1922 te
690 1857 779 1922 istim
796 1879 892 1943 posse
909 1859 1082 1943 proficisci3
1103 1860 1187 1924 nihil

233 1952 283 2014 est
295 1952 470 2033 praeterea,
483 1969 540 2012 eur
554 1947 744 2011 adventibus
758 1951 791 2011 te
805 1947 918 2012 offerre
932 1949 1066 2032 gestias,
1083 1949 1187 2013 multa
1257 1987 1262 1996 ·

232 2041 399 2123 praeterea
415 2040 535 2119 metuo,
557 2056 639 2120 quae
658 2057 731 2100 oum
750 2033 862 2100 Cilone
880 2040 992 2100 nostro
1011 2038 1186 2101 communi-

198 2136 214 2183 2
233 2127 312 2191 cavi.
357 2125 441 2202 Quid
462 2125 587 2190 multa?
616 2126 687 2190 loco
711 2125 940 2209 opportuniore
961 2125 998 2190 in
1019 2124 1070 2188 bis
1092 2125 1187 2190 malis

232 2216 323 2279 nullo
342 2236 411 2279 esse
428 2214 573 2298 potuisti,
595 2235 634 2277 ex
652 2233 716 2296 quo
734 2217 777 2296 11,
798 2234 998 2296 quocumque
1017 2235 1098 2298 opus
1117 2215 1187 2298 erit,
1318 2267 1319 2296 ,

232 2303 384 2367 facillima
407 2305 440 2365 et
462 2301 697 2385 expeditissime
720 2300 880 2365 conferas:
904 2300 990 2386 quod
1009 2298 1036 2367 11
1053 2303 1187 2386 recipiet
1318 2307 1319 2318 ¹

231 2391 286 2455 ille
308 2411 351 2474 se,
373 2390 414 2453 ad
431 2393 559 2473 tempus
578 2388 695 2471 aderis,
718 2389 769 2452 sin
783 2425 825 2436 -
840 2390 993 2474 quoniam
1011 2391 1113 2454 multa
1136 2412 1186 2455 ac-

233 2478 337 2542 cidere
358 2481 496 2561 possunt
513 2513 558 2524 -
575 2477 684 2560 aliqua
705 2498 756 2542 res
783 2499 858 2542 eum
883 2479 935 2543 vel
961 2478 1114 2562 impediet
1134 2481 1187 2544 vel

231 2566 419 2649 morabitur,
440 2569 478 2629 tn
499 2565 546 2629 ibi
568 2565 639 2648 eris,
661 2566 717 2630 ubi
736 2566 844 2630 omnia
862 2567 942 2630 scire
963 2568 1079 2650 possis.
1114 2566 1186 2632 Hoc

199 2654 312 2718 3111111
334 2675 466 2738 prorsus
488 2653 581 2720 valde
603 2655 723 2738 placet3
750 2655 789 2718 de
815 2655 953 2739 reliquo,
975 2658 1013 2719 11
1034 2659 1067 2720 te
1090 2677 1186 2740 saepe
1318 2687 1319 2730 g

232 2764 291 2827 per
311 2743 436 2808 litteras
453 2743 604 2808 hortatus
626 2765 707 2825 sum,
727 2742 775 2808 ita
792 2744 888 2808 velim
905 2743 966 2807 tibi
984 2743 1188 2828 persuadeas,
1318 2737 1319 2786 3

232 2835 265 2894 11
287 2831 323 2895 11
343 2831 406 2896 hac
429 2853 526 2896 causa
547 2831 631 2895 nihil
652 2831 784 2915 habere,
813 2832 899 2914 quod
925 2831 985 2896 tibi
1007 2831 1187 2896 timendum

233 2919 284 3003 111,
305 2923 434 3004 praeter
456 2941 658 2984 communem
681 2941 791 2984 cesum
813 2920 961 3004 civitatis,
984 2921 1039 3004 qui
1057 2921 1118 2984 etsi
1137 2925 1187 2986 est
1318 2927 1319 2986 ἰ

233 3008 454 3093 gravissimus,
481 3011 592 3076 tamen
622 3009 669 3072 111
695 3008 832 3072 viximus
860 3011 893 3072 et
918 3008 951 3071 id
978 3009 1094 3073 aetatis
1120 3009 1187 3073 iam
1318 3009 1319 3086 j

233 3117 352 3180 sumus,
370 3099 407 3160 ut
424 3096 543 3179 omnia,
566 3117 647 3181 quae
665 3117 733 3161 non
750 3097 863 3160 nostra
881 3097 975 3180 culpa
992 3096 1087 3161 nobis
1105 3097 1186 3161 acci·
1318 3089 1319 3106 l

232 3184 321 3270 dant,
341 3184 472 3250 fortiter
492 3184 577 3248 ferre
596 3184 777 3250 debeamus.
812 3183 874 3248 Hic
887 3185 934 3248 tui
948 3206 1059 3248 omnes
1076 3186 1187 3249 valent

232 3295 420 3357 summaque
433 3273 553 3357 pietate
570 3276 603 3336 te
618 3272 801 3338 desiderant
814 3274 847 3335 11
859 3271 999 3357 11113111
1017 3276 1050 3336 11
1063 3274 1186 3338 colunt:

231 3363 268 3426 tu
286 3382 372 3446 cura,
393 3365 430 3426 ut
446 3362 554 3426 valeas
573 3363 606 3425 11
622 3364 655 3426 te
674 3361 761 3426 istim
779 3381 821 3424 ne
838 3363 958 3424 temere
976 3381 1187 3426 commoveas.
