2676 3984
398 241 657 299 EPISTOLARUII
675 243 748 298 VIII.
768 249 791 300 9.
813 249 854 298 10.
1037 239 1103 304 245

145 389 321 475 provinciis
344 387 471 475 Galliis,
499 389 664 473 neuquid
692 387 889 454 coniunctim
916 382 1103 466 referretur3

146 478 352 543 contristavit
376 477 457 543 haec
484 478 646 543 sententia
672 475 811 542 Balbum
842 474 1041 559 Cornelium,
1070 477 1104 538 et

146 568 214 632 scio
243 588 316 631 eum
344 570 513 651 quaestum
545 587 614 632 esse
644 587 717 631 cum
748 563 907 651 Scipione.
961 561 1102 629 Calidius

145 655 182 720 in
204 653 391 721 defensione
414 677 473 720 sua
494 655 558 722 fuit
579 655 817 742 disertissimus,
840 655 876 720 in
899 652 1103 719 accusatione

146 744 227 808 satis
248 743 396 829 frigidus.

602 938 643 1004 X·
663 932 664 935 ,

197 1049 253 1106 Sor.
272 1051 377 1106 Itomae
397 1068 420 1106 a
440 1051 466 1106 d.
486 1050 573 1106 XIIII.
593 1051 656 1106 Kal.
674 1051 841 1106 Decembres
860 1067 885 1104 a.
905 1069 931 1104 u.
951 1068 973 1108 o.
995 1055 1054 1106 703.

403 1173 557 1230 CAELIUS
576 1174 747 1230 CICERONI
767 1175 842 1230 SAL.

214 1271 299 1340 Sane
323 1297 420 1360 quam
441 1274 559 1340 litteris
582 1273 616 1341 C.
640 1273 743 1340 Cassii
771 1279 803 1340 et
825 1275 971 1340 Deiotari
993 1289 1138 1341 sumus1

147 1363 315 1449 commoti3
342 1386 419 1429 nam
447 1361 576 1429 Cassius
603 1364 649 1429 cis
672 1363 864 1449 Euphraten
891 1364 1000 1450 copias
1026 1362 1103 1428 Par·

145 1451 278 1518 thorum
301 1474 370 1518 esse
393 1453 530 1537 scripsit,
551 1452 723 1518 Deiotarus
746 1453 908 1539 profectas
930 1476 988 1539 per
1011 1449 1104 1517 Com-

146 1561 308 1628 magenen
325 1542 361 1606 in
374 1542 575 1627 provinciam
588 1546 742 1610 nostram.
778 1541 851 1628 Ego
871 1542 1000 1627 quidem
1012 1563 1103 1626 prae-

147 1630 278 1715 cipuum
299 1633 437 1715 metum,
465 1630 551 1714 quod
583 1631 624 1694 ad
646 1635 679 1696 te
702 1631 875 1715 attinebat,
906 1631 1019 1718 habui,
1049 1631 1104 1714 qui

146 1720 274 1803 scirem,
307 1741 403 1803 quam
425 1722 558 1804 paratus
590 1721 631 1784 ab
659 1721 799 1786 exercitu
822 1742 922 1804 esses,
948 1741 989 1785 ne
1018 1719 1104 1804 quod

146 1807 200 1872 hic
217 1809 376 1872 tumultus
395 1807 548 1893 dignitati
569 1812 645 1874 tuae
663 1809 841 1893 periculum
864 1809 1004 1874 afferret:
1026 1829 1105 1872 nam

147 1895 292 1981 devita,
323 1897 352 1962 si
373 1897 517 1982 paratior
549 1897 590 1961 ab
614 1898 754 1962 exercitu
781 1919 881 1982 esses,
911 1897 1104 1981 timuissem

146 2005 235 2050 nuno
256 1985 337 2050 haec
360 1985 518 2070 exiguitas
541 1986 707 2070 copiarum
728 2007 899 2070 recessum,
921 2007 989 2050 non
1013 1985 1104 2050 dimi·

148 2074 309 2139 cationem
339 2073 420 2138 mihi
450 2077 541 2138 tuam
572 2075 812 2160 praesagiebat3
847 2074 910 2138 hoc
943 2073 1103 2159 quomodo

147 2162 332 2248 acciperent
353 2163 514 2248 homines,
538 2185 635 2247 quam
657 2155 834 2249 probabilis
857 2162 1031 2228 necessitas
1054 2161 1103 2226 fu-

146 2255 222 2315 tura
244 2253 338 2338 esset,
359 2272 472 2318 vereor
489 2252 586 2316 etiam
605 2274 701 2338 nunc,
723 2273 828 2336 neque
850 2253 940 2336 prius
959 2251 1104 2316 desinam

146 2339 336 2426 formidare,
362 2361 460 2426 quam
481 2341 626 2426 tetigisse
648 2344 682 2406 te
703 2339 833 2406 Italiam
856 2341 995 2406 audiero.
1041 2335 1138 2404 Sada

147 2428 187 2492 de
208 2427 403 2494 Parthorum
430 2429 570 2494 transitu
597 2430 706 2495 nuntii
731 2433 838 2496 varios
866 2451 1030 2496 sermones
1053 2451 1104 2494 ex·

147 2518 302 2582 citarunt:
325 2518 406 2583 alius
426 2518 512 2582 anim
529 2518 718 2604 Pompeium
735 2519 938 2604 mittendum,
960 2519 1042 2584 alius
1062 2519 1103 2584 ab

146 2607 226 2671 urbe
249 2605 439 2691 Pompeium
461 2629 529 2672 non
556 2608 799 2693 removendum,
828 2609 911 2673 alius
935 2606 1105 2673 Caesarem

147 2716 221 2760 cum
244 2715 303 2760 suo
330 2695 485 2779 exercitu,
508 2695 589 2760 alius
618 2697 780 2782 consules,
806 2719 901 2762 nemo
929 2701 1039 2762 tamen
1065 2718 1106 2762 ex

147 2787 279 2848 senatus
306 2785 454 2850 consulto
481 2784 634 2870 privatos.
688 2783 844 2850 Consules
876 2788 997 2870 autem,
1029 2786 1106 2870 quia

146 2877 312 2957 verentur,
334 2894 376 2938 ne
398 2872 478 2938 illud
501 2877 632 2938 senatus
656 2874 840 2938 consultum
861 2875 932 2958 fiat,
955 2878 993 2938 ut
1014 2874 1104 2960 palu-

147 2960 216 3026 dati
243 2965 360 3026 exeant
386 2964 419 3026 et
446 2962 677 3029 contumeliose
703 2966 913 3047 praetereas
941 2963 982 3027 ad
1005 2963 1105 3027 alium

145 3071 197 3114 res
229 3050 458 3135 transferatur,
490 3051 622 3116 omnino
655 3053 804 3116 senatum
834 3052 948 3117 haberi
978 3052 1105 3135 nolunt,

146 3160 248 3224 usque
271 3159 324 3224 eo,
340 3142 378 3204 ut
399 3161 514 3224 parum
532 3140 704 3226 diligentes
721 3141 757 3205 in
774 3163 809 3206 re
826 3141 957 3226 publica
975 3139 1104 3204 videan-

24 3289 29 3296 .
144 3231 213 3312 tur3
246 3228 302 3292 sed
332 3227 482 3313 honeste,
514 3228 585 3304 sive
603 3229 804 3316 negligentia
827 3230 893 3296 sive
915 3229 1033 3293 inertia
1056 3231 1105 3292 est

146 3316 214 3382 sive
235 3317 300 3402 ille,
324 3339 419 3402 quem
432 3318 595 3402 proposui,
618 3321 733 3404 metus,
754 3319 836 3383 latet
858 3317 917 3382 sub
940 3317 1002 3381 hac
1024 3319 1104 3380 tem·

145 3406 313 3489 perantiae
345 3406 594 3493 existimatione,
629 3408 716 3472 nolle
747 3405 956 3490 provinciam.
1010 3403 1040 3470 Α
1071 3409 1105 3470 te

215 3597 370 3668 Ep.10,1.
403 3585 524 3668 paratus
543 3597 609 3668 (ld).
646 3599 802 3668 Imperator
819 3598 858 3662 L.‚
877 3597 909 3652 B.
