2578 3978
15 329 17 418 l
86 358 194 441 ugente
216 355 258 420 de
279 355 406 440 relique
427 359 541 422 nostre
559 357 718 442 dignitate
736 360 795 422 eut
812 357 939 424 occulte
955 379 1036 422 non·

15 513 17 546 r
85 445 241 509 nullorum
263 443 340 508 odiu
361 447 420 508 out
442 444 578 510 obseura
600 445 635 509 in
655 467 706 509 me
725 445 832 510 studia
854 445 1037 530 oernebsm3

82 553 155 596 num
175 551 282 616 neque
305 531 345 596 de
366 533 585 597 monumentis
608 533 687 598 meis
710 533 751 598 ub
778 534 819 597 iis
841 534 970 598 adiutus
993 555 1037 618 es,

85 620 238 704 aquibus
266 619 420 704 debuisti,
451 641 556 705 neque
588 621 627 686 de
653 621 686 685 ιι
706 621 845 706 noteris,
877 643 941 706 qus
964 643 1037 686 oum

382 211 641 268 EPISTULARUM
659 214 680 266 I.
700 221 725 268 9.
994 211 1034 276 19

84 707 177 773 frutre
203 729 295 773 erum
322 671 420 774 domd
446 710 610 794 expulsus,
640 730 744 794 neque
773 710 944 775 hercule
934 730 971 772 ιιι
996 709 1037 774 iis

84 796 156 880 ipn's
173 797 282 880 rebus,
302 817 394 881 quse,
416 819 614 900 quemquern
629 801 722 862 erunt
738 798 819 862 mihi
835 801 969 884 propter
989 797 1038 862 rei

84 884 248 950 familiaris
265 885 439 988 naufragis
454 887 664 970 necessariae,
681 889 791 950 tamen
809 907 893 950 eme
911 885 1038 950 minimi

84 973 330 1057 putabuntur,
319 995 357 1038 ιιι
378 973 457 1038 meis
480 974 607 1038 demnis
630 995 668 1038 ex
691 975 883 1039 auctoritate
905 978 1037 1038 senatus

85 1062 256 1126 sarciendis
270 1082 344 1126 eam
356 1062 567 1146 voluntatem,
585 1083 683 1146 quam
701 1065 928 1146 exspectarem,
945 1081 1037 1147 pree

85 1151 247 1216 stiterunt:
274 1171 357 1234 quse
379 1171 480 1234 quum
505 1149 647 1214 riderem
669 1185 711 1196 -
735 1169 839 1233 neque
867 1153 960 1214 erent
982 1149 1038 1215 ob

84 1259 171 1303 seurs
183 1273 245 1322 -,
266 1258 336 1302 non
356 1241 467 1302 temen
488 1240 557 1302 tum
580 1237 696 1302 eoerbs
717 1237 797 1302 mihi
818 1237 899 1302 haee
917 1236 1038 1302 sooide-

84 1326 167 1410 bunt,
190 1347 291 1410 quom
314 1329 408 1390 erunt
428 1326 486 1390 illo
508 1329 615 1410 grute,
638 1347 720 1410 quse
741 1325 898 1410 fecerent3
920 1327 1074 1410 inques

85 1435 278 1498 quemquem
305 1416 339 1478 et
359 1412 514 1497 Pompeio
536 1414 722 1498 plurimum,
750 1417 784 1478 te
811 1415 940 1498 quidem
966 1415 1038 1498 ipso

84 1503 303 1585 praedicatore
326 1522 364 1566 so
384 1505 481 1586 teste,
508 1501 664 1566 debebam
691 1506 724 1565 et
745 1523 819 1567 eum
844 1523 912 1568 non
935 1503 1040 1567 solum

84 1589 253 1673 beneficio,
288 1589 345 1654 sod
376 1609 484 1654 umore
518 1590 616 1654 etiem
647 1592 680 1653 et
710 1593 865 1682 perpetuo
900 1590 1040 1674 quodum

84 1677 198 1742 iudicio
222 1698 297 1742 meo
324 1677 511 1762 diligebam,
536 1681 648 1742 temen
674 1699 743 1742 non
768 1682 935 1762 reputsns,
964 1678 1040 1762 quid

84 1765 133 1830 ille
155 1765 298 1848 vellet,
287 1785 323 1828 ιιι
340 1765 490 1829 omnibus
512 1766 593 1830 mois
610 1765 779 1829 sententiis
801 1766 841 1830 de
859 1787 893 1830 re
910 1765 1041 1851 publice

85 1853 229 1937 pristinis
256 1853 494 1937 permanebam.
538 1852 612 1938 Ego
640 1852 770 1918 sedenis
798 1851 1075 1938 On.Pompei0,'1

86 1938 655 2112 mutronensi
673 1941 1042 2094 sinisterius

87 2115 118 2182 0.
142 2115 295 2182 Caesaris
323 2120 520 2182 commotum
549 2117 598 2181 illi
624 2117 764 2181 amioum
790 2137 859 2180 esse
891 2105 1042 2200 eoepisse,

88 2205 148 2270 dixi
160 2225 216 2270 me
235 2225 308 2268 eum
324 2205 373 2270 M.
390 2203 501 2269 Bibuli
513 2204 688 2289 fortunam,
706 2224 803 2288 quem
815 2205 870 2268 ille
889 2204 1041 2268 nfflietam

85 2295 229 2377 putaret,
261 2292 405 2357 omnium
430 2293 604 2377 triumphis
635 2292 841 2377 victoriisque
873 2292 1043 2377 anteferre,

86 2381 213 2465 dixique
237 2379 351 2445 eodem
372 2383 455 2445 teste
477 2381 541 2446 ulio
563 2381 636 2446 loeo
659 2381 789 2446 eosdem
811 2402 889 2465 esse,
911 2381 967 2465 qui
988 2379 1043 2444 Bi-

86 2469 199 2534 bulum
221 2468 309 2534 exire
331 2467 426 2533 domo
442 2468 693 2553 prohibuissent,
716 2472 748 2533 et
771 2469 826 2552 qui
848 2489 899 2533 me
923 2469 1042 2554 coegis-

88 2561 171 2622 sent.
199 2559 272 2620 tote
297 2577 375 2620 vero
396 2557 609 2641 interrogatio
631 2577 704 2621 mee
729 2556 812 2620 nihil
838 2556 954 2621 hebuit
979 2558 1043 2622 nisi

87 2643 371 2729 reprehensionem
384 2644 470 2709 illius
483 2645 682 2728 tribunatum
703 2645 740 2708 in
757 2665 822 2728 quo
836 2645 945 2709 omnis
958 2645 1045 2710 diota

89 2737 163 2798 sunt
185 2732 336 2796 libertate
354 2732 525 2817 animoque
543 2733 683 2797 maximo
705 2733 745 2796 de
762 2731 804 2816 ui,
827 2732 866 2797 de
885 2733 1045 2817 auspiciis,

89 2820 126 2884 de
147 2820 327 2885 donatione
349 2840 537 2905 regnorum,
565 2841 671 2904 neque
698 2841 774 2885 vero
802 2821 863 2886 heo
889 2821 925 2885 in
948 2843 1079 2907 ouusug

90 2907 198 2992 modo,
224 2908 282 2972 sed
305 2911 491 2973 constanter
514 2930 608 2992 saepe
631 2909 666 2972 in
689 2911 816 2973 senatu.
846 2910 1046 2993 quinetiam

90 2994 278 3062 Marcellino
306 2998 340 3060 et
364 2995 515 3080 Philippo
543 2996 728 3061 oonsulibus
751 2995 856 3062 Nonis
878 2997 1044 3082 Aprilibus

91 3084 169 3148 mihi
192 3087 243 3148 est
264 3087 395 3148 senatus
413 3105 572 3167 assensus,
593 3087 632 3149 ut
648 3085 688 3149 de
706 3105 786 3170 agro
800 3083 900 3170 Oemp
902 3109 966 3152 ano
983 3087 1045 3149 fre·

94 3173 203 3255 quenti
230 3175 345 3238 senatu
371 3171 483 3238 Idibus
509 3134 605 3237 Maiis
632 3172 817 3256 referretur,
848 3195 927 3238 num
953 3166 1045 3256 potui

162 3398 214 3470 Ep.
234 3406 258 3468 9,
274 3405 298 3454 7.
335 3415 394 3455 eam
414 3399 457 3454 M.
475 3397 575 3454 Bibuli
597 3399 673 3470 (Or).
714 3416 774 3455 eum
794 3399 859 3454 Bib.
878 3397 943 3452 ΜΒ.
962 3425 996 3437 -
1014 3397 1046 3450 ιιι

94 3483 145 3536 que
163 3471 255 3524 omnia
273 3469 340 3540 (Μ.).
377 3471 409 3524 iu
431 3487 487 3538 quo
504 3487 528 3525 o.
552 3469 609 3540 (V.,
628 3471 689 3541 B.)?
744 3475 768 3524 8.
787 3483 945 3538 reynerum,
962 3483 1047 3535 neque

96 3538 169 3608 (W.).
205 3557 357 3610 reynerum.
374 3556 460 3610 neque
477 3541 508 3596 Β.
798 3625 835 3678 2*
