2636 3986
276 235 341 300 442
560 236 597 291 M.
617 236 742 292 TULLII
759 235 951 293 CICERONIS

276 381 414 464 Mincio,
436 381 531 446 fratri
554 403 626 464 suo,
649 382 704 466 qui
727 380 820 447 Elide
843 382 1028 467 negotiatus
1052 385 1116 466 est,
1139 382 1247 467 expli-

276 492 329 536 ces
347 474 381 535 et
398 471 547 554 expedias
567 492 666 554 quum
683 471 752 536 iure
771 472 804 536 et
821 473 992 555 potestate,
1010 492 1109 554 quam
1127 470 1247 556 habes,
1297 523 1298 548 ,

275 562 347 624 tum
379 559 477 624 etiam
508 559 700 624 auctoritate
733 562 766 623 et
797 559 932 624 consilio
964 563 1035 642 tuo,
1071 559 1119 624 sic
1151 559 1246 624 enim
1297 553 1298 602 I

276 646 540 732 praescripsimus
563 647 617 730 iis,
644 647 760 732 quibus
788 669 826 712 ea
848 645 982 734 negotia
1003 647 1245 733 mandavimus,

276 739 314 801 ut
340 736 490 802 omnibus
517 736 552 800 in
579 736 689 819 rebus,
716 757 797 820 quae
824 735 860 800 in
887 735 1028 819 aliquam
1051 739 1244 802 controver-

276 824 358 889 siam
380 828 587 907 vocarentur,
609 827 642 889 te
666 824 788 891 arbitro
811 827 854 906 et,
876 824 963 908 quod
986 824 1155 890 commodo
1183 829 1242 890 tuo

275 913 345 977 fieri
368 917 486 997 posset,
507 915 540 978 te
559 913 773 997 disceptatore
792 915 972 1000 uterentur:
994 912 1029 977 id
1045 917 1083 978 ut
1099 912 1242 980 honoris

275 1001 340 1066 mei
371 1023 469 1068 causa
500 1002 669 1087 suscipias,
705 1001 912 1068 vehementer
941 1004 975 1065 te
1007 1001 1104 1066 ctiam
1137 1006 1242 1087 atque

239 1091 373 1155 tetiam
400 1111 490 1177 rogo.
543 1089 629 1155 Illud
654 1093 834 1175 praeterea,
867 1090 894 1154 si
916 1111 984 1156 non
1014 1089 1155 1154 alienum
1181 1094 1242 1156 tua

276 1179 434 1265 dignitate
462 1179 592 1264 putabis
621 1200 704 1262 esee,
730 1179 844 1244 feceris
871 1178 952 1244 mihi
977 1181 1184 1264 pergratum,
1213 1181 1240 1244 si

277 1269 332 1352 qui
354 1267 550 1334 difficiliores
568 1271 673 1352 erunt,
692 1271 813 1333 utrem
832 1267 902 1332 eine
919 1266 1141 1333 controversia
1159 1289 1238 1333 con-

275 1356 327 1421 fici
350 1357 468 1440 nolint,
495 1357 524 1421 si
545 1378 615 1438 eos,
641 1356 796 1441 quoniam
823 1377 897 1420 cum
924 1359 1072 1422 senatore
1099 1377 1153 1421 res
1178 1362 1238 1442 est,

274 1444 412 1509 Romam
434 1445 595 1529 reieceris3
617 1444 703 1530 quod
726 1466 790 1530 quo
813 1445 937 1510 minore
960 1444 1163 1510 dubitatione
1188 1445 1236 1509 fa-

276 1553 347 1598 cere
368 1554 489 1617 posses,
510 1533 635 1598 litteras
659 1533 700 1598 ed
717 1537 750 1598 te
769 1532 845 1599 aM.
864 1532 987 1618 Lepido
1005 1533 1148 1618 consule,
1166 1555 1236 1600 non

275 1641 357 1705 quae
389 1623 422 1686 te
455 1621 575 1705 aliquid
606 1621 820 1688 iuberent-
842 1642 947 1706 neque
979 1621 1065 1685 enim
1096 1621 1130 1686 id
1157 1625 1236 1686 tuae

275 1709 444 1796 dignitatis
468 1731 537 1775 esse
560 1709 796 1776 arbitrabamur
818 1746 870 1794 -‚
893 1710 949 1775 sed
972 1709 1112 1794 quodam
1135 1710 1235 1776 modo

239 1809 257 1858 4
275 1799 368 1883 quasi
386 1799 667 1864 commendaticias
689 1798 892 1882 sumpsimus.
929 1795 1116 1881 Scriberem,
1134 1820 1234 1883 quarn

273 1888 307 1951 id
330 1887 520 1954 beneficium
537 1888 620 1953 bene
638 1887 725 1971 apud
743 1885 935 1952 Mescinium
952 1887 1117 1971 positurus
1136 1908 1234 1970 esses,

274 1977 338 2042 nisi
369 1980 403 2041 et
432 1980 465 2041 te
498 1977 577 2042 scire
605 1975 799 2042 confiderem
830 1974 970 2040 etmihi
995 1978 1154 2061 peterem3
1185 1976 1233 2040 sic

274 2064 361 2130 enim
387 2065 484 2130 velim
510 2065 686 2148 existimes,
711 2085 781 2130 non
807 2065 914 2129 minue
940 2085 992 2128 me
1019 2063 1059 2128 de
1085 2063 1232 2129 illinere

273 2153 421 2220 laborare
444 2175 540 2238 quam
563 2153 670 2238 ipsum
693 2152 732 2218 de
755 2174 826 2237 eua3
849 2153 905 2218 sed
928 2173 1027 2238 quum
1049 2152 1141 2217 illum
1164 2155 1231 2217 stu-

273 2242 334 2308 deo
361 2264 458 2327 quam
483 2241 636 2308 facillime
663 2241 705 2306 ad
731 2263 825 2306 suum
847 2241 1028 2326 pervenire,
1056 2244 1133 2306 tum·
1150 2241 1232 2305 illud

272 2331 400 2415 laboro,
427 2334 554 2396 utnon
576 2329 745 2395 minimum
766 2329 828 2394 hac
849 2351 923 2395 mea
949 2328 1230 2395 commendatione

273 2439 308 2484 ee
330 2421 539 2484 consecutum
561 2419 742 2484 arbitretur.

679 2611 817 2678 XXVII.

529 2723 586 2780 Scr.
612 2722 719 2780 Itomae
747 2739 771 2778 a.
800 2740 827 2777 u.
856 2741 879 2779 c.
909 2729 969 2780 τοῦ.

561 2846 690 2904 CICERO
710 2845 842 2902 SERVIO
862 2846 937 2902 SAL.

238 2957 252 3009 ι
339 2945 430 3013 Licet
451 2947 559 3012 eodem
585 2948 731 3032 exemplo
755 2947 881 3031 saepius
903 2945 964 3010 tibi
981 2944 1077 3010 huius
1101 2944 1227 3030 generis

271 3035 397 3102 litteras
423 3036 564 3119 mittam,
596 3057 695 3121 quum
727 3035 848 3122 gratias
880 3054 990 3120 egam,
1022 3032 1108 3116 quod
1140 3053 1227 3098 meae
1293 3109 1294 3112 Ἴ

272 3124 566 3190 commendationes
597 3128 666 3190 tem
698 3123 869 3209 diligenter
903 3123 1118 3192 observes-
1142 3120 1227 3204 quod
1293 3155 1294 3244 p

272 3214 335 3278 feci
356 3214 392 3279 in
414 3212 486 3278 aliis
518 3215 552 3276 et
577 3211 708 3296 faciam,
738 3215 777 3277 ut
802 3211 909 3296 video,
936 3210 1063 3295 saepius
1087 3243 1145 3292 -,
1172 3209 1226 3274 sed

272 3304 382 3367 temen
412 3321 480 3368 non
511 3322 641 3386 parcam
673 3321 789 3386 operae
820 3304 867 3384 et,
898 3301 936 3364 ut
965 3318 1023 3363 vos
1055 3297 1165 3364 soletis
1192 3298 1225 3362 in

342 3510 393 3634 Ep.
413 3515 494 3575 tm.
532 3508 617 3564 Elide
635 3506 696 3575 (L).
740 3505 793 3562 Eli
810 3506 861 3576 M„
879 3506 972 3577 vulgo.
1020 3513 1046 3560 3.
1073 3505 1224 3561 arbitrata·

252 3579 363 3658 lm(
387 3581 413 3648 .).
449 3579 619 3635 arbitramur
635 3576 682 3645 n,
701 3576 795 3646 vulgo.
