2676 3984
389 220 650 278 EPISTOLlItUM
667 220 714 276 lx„
736 227 848 278 11-1e.
1030 221 1095 289 271

580 470 654 537 ΧΠ.

231 582 290 640 Sor.
307 581 338 639 in
355 581 510 639 Puteolano
528 598 624 639 mense
642 583 790 641 Decembri
807 600 833 641 a.
852 602 879 640 u.
897 601 921 640 e.
941 588 1000 641 loa.

417 705 548 764 CICERO
565 706 817 764 DOLABELLAE.

204 805 357 873 Gratulor
387 805 477 872 Baiis
504 807 640 892 nostris,
671 808 700 873 si
731 808 874 895 quidem,
904 810 944 876 ut
973 807 1131 894 scribier

136 896 283 962 salubres
309 899 443 981 repente
469 895 575 962 saetae
604 899 693 980 sunt3
719 897 783 962 nisi
809 897 896 963 forte
921 901 954 963 te
984 902 1097 964 amant

136 989 171 1050 et
197 984 258 1049 tibi
285 987 493 1050 assentantur
519 988 552 1051 et
577 984 716 1070 tamdiu,
743 985 820 1052 (lum
842 989 879 1052 tu
901 985 990 1072 ades,
1019 989 1097 1052 sunt

137 1073 258 1139 oblitae
280 1073 345 1157 sui3
371 1072 459 1157 quod
481 1072 610 1157 quidem
633 1073 662 1138 si
683 1073 731 1139 ita
753 1077 816 1160 est,
842 1075 974 1141 minime
996 1076 1097 1140 miror

137 1162 263 1227 eaelum
286 1161 383 1226 etiam
411 1164 569 1227 eibertus
592 1160 658 1226 vim
681 1182 787 1247 suam,
814 1162 925 1228 sitibi
951 1163 999 1229 ita
1021 1183 1096 1229 eon·

137 1250 257 1335 veniat,
274 1249 445 1315 dimittere.
470 1248 725 1316 'Oratiunculam
743 1270 802 1336 pro
816 1250 981 1336 Deiotaro,
999 1271 1096 1336 quam
1114 1264 1131 1316 ¹

137 1339 336 1424 requirebas,
367 1338 529 1404 habebam
555 1359 694 1424 meeum,
725 1339 811 1424 quod
838 1361 907 1406 non
933 1343 1095 1425 putaram:

137 1429 248 1513 itaque
271 1449 342 1493 eam
360 1427 422 1494 tibi
439 1428 526 1512 misi3
549 1449 647 1514 quam
663 1427 760 1493 velim
778 1429 825 1494 sio
841 1430 941 1515 legas,
963 1431 1001 1495 ut
1022 1449 1095 1496 eau-

139 1539 208 1582 sam
231 1520 362 1582 tenuem
385 1518 418 1582 et
439 1517 570 1602 inopem
587 1537 648 1582 nee
666 1516 840 1603 scriptione
857 1537 978 1604 magno
999 1537 1096 1603 opere
1213 1565 1215 1574 a

139 1604 286 1691 dignam3
313 1604 370 1671 sed
393 1624 453 1691 ego
476 1605 598 1690 hospiti
619 1606 721 1671 reteri
743 1609 777 1672 et
798 1606 901 1672 amieo
924 1626 1096 1672 munuscu-

137 1695 207 1759 lum
227 1694 313 1760 uoloi
342 1694 469 1760 mittere
500 1694 663 1760 levidense
694 1715 802 1762 erasse
833 1694 903 1780 filo,
939 1693 1096 1761 euiemodi

137 1783 240 1868 ipsius
259 1784 366 1848 solent
384 1803 453 1848 esse
470 1803 614 1849 munera.
651 1781 701 1848 lu
718 1783 815 1850 velim
833 1783 942 1849 animo
957 1781 1096 1885 sapienti

1 1889 8 1918 2
137 1870 280 1956 fortique
303 1871 361 1956 sis,
387 1874 425 1936 ut
451 1874 508 1937 tua
530 1871 709 1938 moderatio
737 1875 771 1938 et
792 1871 936 1960 gravitas
957 1871 1096 1939 eborum

137 1960 277 2026 infamet
297 1959 460 2026 iniuriam.
1077 2006 1084 2018 s

572 2151 665 2220 XIII.

300 2265 358 2322 Ser.
376 2267 497 2322 Asturae
515 2271 609 2322 mense
627 2264 720 2337 Aprili
737 2280 763 2321 a.
781 2283 808 2320 u.
827 2281 850 2321 e.
871 2271 932 2322 τω.

375 2388 503 2446 CICERO
521 2388 763 2446 DOLABELLAE
783 2388 858 2446 SAL.

207 2486 243 2556 O.
266 2490 440 2557 Subernius
464 2489 602 2558 Calenus
630 2494 663 2557 et
684 2512 775 2557 meus
802 2492 853 2556 est
872 2487 1041 2557 familiaris
1063 2489 1097 2555 et
1115 2500 1130 2554 1

140 2578 263 2664 Leptae
276 2580 381 2646 nostri
397 2579 641 2645 familiarissimi
658 2579 927 2664 pernecessarius:
950 2578 978 2644 is
997 2599 1097 2664 quum

141 2667 265 2733 vitandi
296 2668 373 2734 belli
404 2689 501 2733 eausa
527 2668 691 2752 profectus
722 2672 808 2734 esset
837 2667 872 2732 in
902 2666 1097 2752 Hispaniam

140 2778 215 2822 eum
236 2755 281 2821 Μ.
303 2755 452 2824 Varrone
479 2761 554 2822 ante
580 2747 713 2841 liellum,
740 2759 779 2823 ut
803 2755 839 2821 in
866 2776 905 2820 ea
930 2755 1097 2841 provincia

141 2848 235 2930 esset,
256 2846 292 2910 iu
315 2867 379 2931 qua
400 2867 495 2912 nemo
518 2847 667 2911 nostrum
683 2847 760 2928 post
776 2842 950 2910 Afranium
967 2865 1096 2930 supera·

141 2938 212 2998 tum
234 2934 354 2999 bellum
376 2935 479 3000 ullum
500 2933 571 2999 fore
593 2935 737 3019 putarat,
763 2931 877 2999 inuidit
902 2933 938 2998 in
964 2952 1003 2998 ea
1024 2933 1096 3018 ipsa

141 3024 241 3108 mala,
269 3044 351 3108 quae
374 3044 499 3089 summo
522 3020 629 3088 studio
652 3021 823 3106 vitaverat3
851 3041 1024 3108 oppressus
1046 3024 1096 3087 est

142 3111 228 3176 enim
259 3111 345 3177 bello
375 3112 561 3197 repentino,
592 3110 679 3196 quod
705 3111 826 3176 bellum
852 3113 1049 3177 commotum
1075 3130 1096 3174 a

5 3257 12 3284 p
142 3197 281 3284 Scapula
302 3199 349 3266 ita
371 3203 485 3284 postea
507 3198 732 3265 confirmatum
755 3202 805 3266 est
827 3220 847 3263 a
868 3197 1037 3283 Pompeio,
1058 3199 1097 3262 ut

5 3287 7 3314 ”
140 3289 233 3374 nulla
267 3289 392 3354 ratione
429 3289 470 3355 eb
501 3287 558 3354 illa
593 3289 722 3368 miseria
757 3308 792 3354 se
823 3285 945 3372 eripere
976 3287 1095 3372 posset

212 3495 264 3568 Ep.
284 3503 325 3554 12.
358 3497 396 3552 D.
410 3496 494 3553 SAL.
514 3497 598 3567 (W.)?
634 3495 717 3552 SAL.
737 3511 791 3551 om.
809 3494 860 3563 M„
878 3493 972 3564 vulgo.
1008 3497 1034 3550 ἓ.
1051 3509 1095 3550 vo·

140 3567 184 3624 iai
200 3569 305 3625 minere
322 3568 398 3638 (W.).
434 3568 510 3624 ooloi
528 3584 581 3623 om.
599 3566 637 3623 M.
673 3583 708 3623 m.
726 3566 803 3622 oola
817 3564 912 3638 vulgo.
