2578 3978
336 219 594 275 EPISTOLARUM
612 221 633 273 l.
653 225 729 275 5-7.
988 219 1008 282 9

84 361 178 443 partim
199 363 366 448 obscurius
392 364 509 450 iniqui,
536 363 656 447 purtim
682 383 750 428 non
773 362 1013 428 dissimulanter

30 479 32 538 μ
83 449 150 513 uati:
178 455 212 514 tu
237 452 291 516 suc
320 453 427 517 enimc
455 452 533 518 forti
560 471 743 536 magnoque
771 451 814 516 sis
842 473 1012 536 speresque

30 553 31 604 ξ
82 536 142 622 iore,
157 542 191 602 ut
206 539 313 605 fracto
332 541 454 624 impetu
472 539 626 605 levissimi
644 539 784 606 hominis
802 542 893 604 tuem
906 539 1012 624 prisii·

81 626 350 712 contiguitatem
373 631 406 693 et
428 629 565 714 gloriam
587 649 792 712 consequare.

503 822 561 887 VI.

210 932 268 991 Sor.
283 933 390 989 Romae
404 952 498 990 mense
511 934 663 989 Februario
677 949 702 989 a.
717 952 744 990 u.
759 951 782 989 c.
797 939 857 991 698.

188 1055 223 1110 ll.
243 1056 374 1114 CICERO
394 1057 420 1113 S.
439 1058 472 1114 D.
491 1059 522 1113 P.
541 1057 713 1114 LENTULO
733 1057 879 1114 PROCOS.

130 1151 210 1230 Quae
232 1161 404 1242 gerentur,
427 1159 563 1242 accipies
586 1180 624 1222 ex
646 1157 806 1240 Pollione,
833 1157 888 1240 qui
911 1157 1047 1224 omni-r

80 1238 125 1303 bus
143 1245 280 1328 negotiis
305 1265 373 1311 non
395 1246 543 1311 interfuit
565 1247 678 1329 solum,
701 1244 756 1309 sed
779 1245 926 1329 praefuit.
959 1244 1012 1309 Me

80 1325 229 1396 iusummo
243 1333 367 1417 dolore,
380 1354 475 1418 quem
490 1331 548 1421 [in]
568 1335 632 1399 tuis
646 1334 742 1398 rebus
754 1333 858 1418 cepio,
875 1334 1012 1398 maxime

80 1417 179 1482 seilicet
204 1423 394 1487 consoletur
416 1443 503 1506 spes,
529 1423 615 1506 quod
642 1421 734 1487 velde
762 1421 907 1505 suspicor
933 1421 1012 1506 fore,

79 1506 107 1565 ut
123 1505 316 1594 infringatur
331 1510 500 1576 hominum
519 1510 708 1595 improbitas
731 1514 764 1573 et
781 1509 923 1574 consiliis
941 1513 1012 1575 tuo-

81 1611 135 1656 rum
158 1597 333 1662 umieorum
360 1602 394 1663 et
419 1601 491 1684 ipse
517 1599 582 1682 die,
610 1619 691 1682 quae
718 1598 865 1662 debilitat
892 1599 1013 1682 cogite-

80 1679 164 1746 tiones
185 1688 217 1748 et
238 1687 445 1752 inimicorum
468 1690 501 1752 et
522 1686 723 1770 proditorum
749 1689 892 1770 tuorum3
919 1686 1047 1754 fecilec

81 1771 196 1837 secundo
214 1775 288 1839 loco
307 1795 358 1840 mc
376 1775 562 1840 consoletur
578 1774 757 1841 recordatio
776 1795 921 1839 meorum
933 1776 1012 1838 tcm-

81 1875 182 1942 porum,
203 1883 343 1945 quorum
361 1864 536 1948 imaginem
554 1863 647 1928 video
666 1863 701 1926 in
717 1863 813 1927 rebus
831 1862 906 1945 tuis,
928 1883 1013 1946 nem,

83 1945 128 2008 elsi
145 1949 265 2015 minore
288 1951 325 2014 in
346 1973 380 2015 re
403 1952 543 2017 violetur
564 1955 622 2016 tue
646 1951 800 2036 dignitas,
823 1971 920 2034 quem
942 1972 1014 2014 mea

83 2030 181 2098 afflicte
200 2042 264 2122 est,
294 2041 404 2102 temen
431 2043 481 2103 cst
503 2043 596 2104 tenta
618 2039 807 2124 similitudo,
829 2041 872 2102 ut*
889 2059 1014 2122 sperem

82 2121 192 2188 lemihi
213 2125 392 2211 ignoscere,
415 2127 443 2191 si
466 2147 504 2190 ee
525 2149 594 2191 non
615 2125 787 2208 timuerim,
810 2147 891 2209 quce
914 2147 954 2189 ne
977 2130 1014 2190 tu

83 2207 188 2288 quidem
212 2233 368 2298 umquem
394 2214 538 2279 timenda
560 2215 687 2280 duxisti.
739 2212 802 2278 Sed
831 2215 1014 2296 praestate

83 2313 150 2381 eum,
174 2302 228 2384 qui
250 2301 332 2365 mihi
355 2325 375 2366 u
397 2303 531 2386 teneris,
557 2307 595 2368 ut
616 2302 730 2367 Graeci
753 2301 876 2384 dieunt,
899 2301 1015 2385 ungui-

84 2384 144 2449 culs
162 2408 196 2452 es
218 2390 383 2474 cognitus:
404 2391 589 2475 illustrabit,
611 2391 692 2456 mihi
714 2390 815 2474 crede,
837 2393 927 2453 tuem
950 2410 1014 2452 am·

83 2469 250 2549 plitudinem
272 2478 440 2542 hominum
463 2479 588 2543 iniuria.
633 2479 663 2542 A
686 2500 737 2543 me
760 2478 869 2544 omnia
891 2497 1016 2541 summe

83 2555 279 2715 ffoepzludia
302 2565 471 2650 officioque
495 2570 655 2651 exspecta:
678 2587 746 2632 non
762 2566 875 2630 fellem
892 2565 1015 2649 opinio·

100 2666 141 2712 em
194 2675 256 2718 em.

502 2844 575 2912 VII.

239 2957 296 3012 Scr.
311 2957 415 3014 Romae
429 2976 524 3014 mense
538 2959 640 3014 Murtio
654 2975 678 3012 u.
694 2977 720 3012 u.
735 2975 758 3012 c.
774 2961 833 3013 698.

201 3081 238 3136 Μ.
253 3080 381 3138 CICERO
402 3081 428 3138 S.
443 3082 476 3137 D.
490 3082 521 3136 P.
536 3080 708 3137 LENTULO
726 3080 872 3137 PROCOS.

136 3175 208 3264 Legi
229 3185 303 3246 tues
326 3181 598 3267 usercensibus
618 3180 658 3245 ed
681 3202 732 3245 mc
751 3181 863 3245 scribis
885 3183 1014 3264 gratum
1035 3201 1048 3247 1

86 3257 131 3323 libi
149 3287 222 3353 esse,
244 3270 330 3353 quod
353 3271 465 3334 crebro
489 3271 605 3335 certior
627 3290 686 3353 per
707 3291 758 3334 me
780 3269 839 3332 fies
859 3268 897 3332 de
913 3267 1014 3330 omui·

87 3342 132 3414 bus
154 3355 243 3422 rebus
270 3361 304 3422 et
331 3378 435 3422 mcum
464 3377 541 3442 ergo
572 3361 604 3422 te
632 3356 889 3422 benevolentium
920 3353 1014 3416 facile

140 3541 223 3616 Ero,
238 3555 261 3604 1.
290 3565 366 3618 quem
381 3549 431 3618 [co]
446 3550 502 3603 tue
516 3548 590 3618 (wi.
619 3565 642 3617 q.
658 3563 691 3602 ex
704 3551 722 3600 e.
739 3543 810 3613 (up
835 3559 859 3612 q.
873 3544 905 3597 u
918 3546 935 3595 t.
947 3541 1014 3596 ΜΒ.
