<?xml version="1.0" encoding="UTF-8"?>
<!DOCTYPE html PUBLIC "-//W3C//DTD XHTML 1.0 Transitional//EN"
    "http://www.w3.org/TR/xhtml1/DTD/xhtml1-transitional.dtd">
<html xmlns="http://www.w3.org/1999/xhtml" xml:lang="en" lang="en">
 <head>
  <title>
</title>
<meta http-equiv="Content-Type" content="text/html;charset=utf-8" />
  <meta name='ocr-system' content='tesseract 3.04.00' />
  <meta name='ocr-capabilities' content='ocr_page ocr_carea ocr_par ocr_line ocrx_word'/>
</head>
<body>
  <div class='ocr_page' id='page_1' title='image "./epistolae00wesegoog_0463.png"; bbox 0 0 2636 3986; ppageno 0'>
   <div class='ocr_carea' id='block_1_1' title="bbox 372 211 1209 276">
    <p class='ocr_par' dir='ltr' id='par_1_1' title="bbox 372 211 1209 276">
     <span class='ocr_line' id='line_1_1' title="bbox 372 211 1209 276; baseline 0.011 -10"><span class='ocrx_word' id='word_1_1' title='bbox 372 213 630 268; x_wconf 73' lang='lat' dir='ltr'>EPISTOLARUM</span> <span class='ocrx_word' id='word_1_2' title='bbox 647 213 722 267; x_wconf 81' lang='lat' dir='ltr'>xm.</span> <span class='ocrx_word' id='word_1_3' title='bbox 741 219 853 269; x_wconf 77' lang='lat' dir='ltr'>ea-ee.</span> <span class='ocrx_word' id='word_1_4' title='bbox 965 211 1088 276; x_wconf 66' lang='grc'>,451</span> <span class='ocrx_word' id='word_1_5' title='bbox 1206 243 1209 250; x_wconf 36' lang='lat'>¹</span> 
     </span>
    </p>
   </div>
   <div class='ocr_carea' id='block_1_2' title="bbox 131 357 1092 863">
    <p class='ocr_par' dir='ltr' id='par_1_2' title="bbox 131 357 1092 863">
     <span class='ocr_line' id='line_1_2' title="bbox 131 357 1091 442; baseline -0.001 -21"><span class='ocrx_word' id='word_1_6' title='bbox 131 357 335 442; x_wconf 76' lang='lat' dir='ltr'>cognovique</span> <span class='ocrx_word' id='word_1_7' title='bbox 364 357 499 442; x_wconf 88' lang='lat' dir='ltr'>dignum</span> <span class='ocrx_word' id='word_1_8' title='bbox 530 361 563 421; x_wconf 86' lang='lat' dir='ltr'>et</span> <span class='ocrx_word' id='word_1_9' title='bbox 589 357 680 441; x_wconf 89' lang='lat' dir='ltr'>patre</span> <span class='ocrx_word' id='word_1_10' title='bbox 713 360 745 422; x_wconf 85' lang='lat' dir='ltr'>et</span> <span class='ocrx_word' id='word_1_11' title='bbox 777 379 836 422; x_wconf 87' lang='lat' dir='ltr'>avo</span> <span class='ocrx_word' id='word_1_12' title='bbox 861 393 902 403; x_wconf 89' lang='lat'>—·</span> <span class='ocrx_word' id='word_1_13' title='bbox 927 361 976 420; x_wconf 89' lang='lat' dir='ltr'>est</span> <span class='ocrx_word' id='word_1_14' title='bbox 1005 357 1091 420; x_wconf 88' lang='lat' dir='ltr'>enim</span> 
     </span>
     <span class='ocr_line' id='line_1_3' title="bbox 132 445 1091 531; baseline -0.002 -21"><span class='ocrx_word' id='word_1_15' title='bbox 132 445 336 510; x_wconf 88' lang='lat' dir='ltr'>nobilissima</span> <span class='ocrx_word' id='word_1_16' title='bbox 357 445 482 509; x_wconf 84' lang='lat' dir='ltr'>familia</span> <span class='ocrx_word' id='word_1_17' title='bbox 504 469 560 509; x_wconf 77' lang='grc' dir='ltr'>-ε</span> <span class='ocrx_word' id='word_1_18' title='bbox 591 449 787 531; x_wconf 87' lang='lat' dir='ltr'>quapropter</span> <span class='ocrx_word' id='word_1_19' title='bbox 814 445 1002 510; x_wconf 80' lang='lat' dir='ltr'>commendo</span> <span class='ocrx_word' id='word_1_20' title='bbox 1030 445 1091 509; x_wconf 86' lang='lat' dir='ltr'>tibi</span> 
     </span>
     <span class='ocr_line' id='line_1_4' title="bbox 132 534 1090 618; baseline -0.003 -20"><span class='ocrx_word' id='word_1_21' title='bbox 132 534 289 598; x_wconf 88' lang='lat' dir='ltr'>maiorem</span> <span class='ocrx_word' id='word_1_22' title='bbox 311 534 346 596; x_wconf 90' lang='lat' dir='ltr'>in</span> <span class='ocrx_word' id='word_1_23' title='bbox 368 534 500 598; x_wconf 86' lang='lat' dir='ltr'>modum</span> <span class='ocrx_word' id='word_1_24' title='bbox 517 555 585 598; x_wconf 89' lang='lat' dir='ltr'>rem</span> <span class='ocrx_word' id='word_1_25' title='bbox 606 534 799 618; x_wconf 86' lang='lat' dir='ltr'>domumque</span> <span class='ocrx_word' id='word_1_26' title='bbox 818 534 885 597; x_wconf 87' lang='lat' dir='ltr'>eius</span> <span class='ocrx_word' id='word_1_27' title='bbox 908 554 1090 618; x_wconf 88' lang='lat' dir='ltr'>magnoque</span> 
     </span>
     <span class='ocr_line' id='line_1_5' title="bbox 133 621 1091 707; baseline -0.002 -20"><span class='ocrx_word' id='word_1_28' title='bbox 133 643 232 705; x_wconf 86' lang='lat' dir='ltr'>opere</span> <span class='ocrx_word' id='word_1_29' title='bbox 255 621 312 685; x_wconf 83' lang='lat' dir='ltr'>abs</span> <span class='ocrx_word' id='word_1_30' title='bbox 331 625 462 705; x_wconf 81' lang='lat' dir='ltr'>tapete,</span> <span class='ocrx_word' id='word_1_31' title='bbox 481 643 581 706; x_wconf 78' lang='lat' dir='ltr'>eures,</span> <span class='ocrx_word' id='word_1_32' title='bbox 602 623 667 687; x_wconf 90' lang='lat' dir='ltr'>ut</span> <span class='ocrx_word' id='word_1_33' title='bbox 657 644 685 686; x_wconf 91' lang='lat' dir='ltr'>1s</span> <span class='ocrx_word' id='word_1_34' title='bbox 703 623 866 707; x_wconf 88' lang='lat' dir='ltr'>intelligat</span> <span class='ocrx_word' id='word_1_35' title='bbox 883 643 989 686; x_wconf 87' lang='lat' dir='ltr'>meam</span> <span class='ocrx_word' id='word_1_36' title='bbox 1007 642 1091 686; x_wconf 88' lang='lat' dir='ltr'>oom-</span> 
     </span>
     <span class='ocr_line' id='line_1_6' title="bbox 133 674 1092 820; baseline -0.002 -46"><span class='ocrx_word' id='word_1_37' title='bbox 133 709 375 775; x_wconf 88' lang='lat' dir='ltr'>mendationem</span> <span class='ocrx_word' id='word_1_38' title='bbox 397 711 537 775; x_wconf 87' lang='lat' dir='ltr'>maximo</span> <span class='ocrx_word' id='word_1_39' title='bbox 562 674 623 774; x_wconf 86' lang='lat' dir='ltr'>sibi</span> <span class='ocrx_word' id='word_1_40' title='bbox 646 711 731 796; x_wconf 90' lang='lat' dir='ltr'>apud</span> <span class='ocrx_word' id='word_1_41' title='bbox 749 714 781 776; x_wconf 90' lang='lat' dir='ltr'>te</span> <span class='ocrx_word' id='word_1_42' title='bbox 800 715 833 775; x_wconf 89' lang='lat' dir='ltr'>et</span> <span class='ocrx_word' id='word_1_43' title='bbox 851 711 1036 775; x_wconf 83' lang='lat' dir='ltr'>adiumento</span> <span class='ocrx_word' id='word_1_44' title='bbox 1060 712 1092 820; x_wconf 85' lang='lat' dir='ltr'>et</span> 
     </span>
     <span class='ocr_line' id='line_1_7' title="bbox 135 797 551 863; baseline 0 -1"><span class='ocrx_word' id='word_1_45' title='bbox 135 801 327 863; x_wconf 88' lang='lat' dir='ltr'>ornamento</span> <span class='ocrx_word' id='word_1_46' title='bbox 348 797 456 862; x_wconf 86' lang='lat' dir='ltr'>fuisse.</span> <span class='ocrx_word' id='word_1_47' title='bbox 549 835 551 841; x_wconf 31' lang='grc' dir='ltr'><strong><em>ι</em></strong></span> 
     </span>
    </p>
   </div>
   <div class='ocr_carea' id='block_1_3' title="bbox 445 991 680 1074">
    <p class='ocr_par' dir='ltr' id='par_1_3' title="bbox 445 991 680 1074">
     <span class='ocr_line' id='line_1_8' title="bbox 445 991 680 1074; baseline 0.004 -17"><span class='ocrx_word' id='word_1_48' title='bbox 445 1069 447 1074; x_wconf 51' lang='grc'>,</span> <span class='ocrx_word' id='word_1_49' title='bbox 544 991 680 1058; x_wconf 79' lang='lat' dir='ltr'><strong>xxxv.</strong></span> 
     </span>
    </p>
   </div>
   <div class='ocr_carea' id='block_1_4' title="bbox 417 1103 809 1159">
    <p class='ocr_par' dir='ltr' id='par_1_4' title="bbox 417 1103 809 1159">
     <span class='ocr_line' id='line_1_9' title="bbox 417 1103 809 1159; baseline 0 -1"><span class='ocrx_word' id='word_1_50' title='bbox 417 1105 473 1159; x_wconf 83' lang='lat' dir='ltr'>Sor.</span> <span class='ocrx_word' id='word_1_51' title='bbox 493 1103 598 1158; x_wconf 81' lang='lat' dir='ltr'>Romae</span> <span class='ocrx_word' id='word_1_52' title='bbox 617 1120 641 1158; x_wconf 78' lang='lat' dir='ltr'>a.</span> <span class='ocrx_word' id='word_1_53' title='bbox 661 1122 687 1158; x_wconf 89' lang='lat' dir='ltr'>u.</span> <span class='ocrx_word' id='word_1_54' title='bbox 707 1120 730 1158; x_wconf 86' lang='lat' dir='ltr'>o.</span> <span class='ocrx_word' id='word_1_55' title='bbox 751 1109 809 1159; x_wconf 78' lang='grc'><strong>708.</strong></span> 
     </span>
    </p>
   </div>
   <div class='ocr_carea' id='block_1_5' title="bbox 311 1225 920 1283">
    <p class='ocr_par' dir='ltr' id='par_1_5' title="bbox 311 1225 920 1283">
     <span class='ocr_line' id='line_1_10' title="bbox 311 1225 920 1283; baseline 0.002 -2"><span class='ocrx_word' id='word_1_56' title='bbox 311 1226 438 1282; x_wconf 81' lang='lat' dir='ltr'>CICERO</span> <span class='ocrx_word' id='word_1_57' title='bbox 457 1225 578 1282; x_wconf 84' lang='lat' dir='ltr'>ACILIO</span> <span class='ocrx_word' id='word_1_58' title='bbox 596 1225 826 1283; x_wconf 78' lang='lat' dir='ltr'>PROCONSULI</span> <span class='ocrx_word' id='word_1_59' title='bbox 845 1227 920 1282; x_wconf 79' lang='lat' dir='ltr'><strong>SAL.</strong></span> 
     </span>
    </p>
   </div>
   <div class='ocr_carea' id='block_1_6' title="bbox 138 1325 1128 1766">
    <p class='ocr_par' dir='ltr' id='par_1_6' title="bbox 138 1325 1128 1766">
     <span class='ocr_line' id='line_1_11' title="bbox 205 1325 1128 1428; baseline 0 -37"><span class='ocrx_word' id='word_1_60' title='bbox 205 1325 239 1391; x_wconf 87' lang='lat' dir='ltr'>C.</span> <span class='ocrx_word' id='word_1_61' title='bbox 253 1326 410 1392; x_wconf 82' lang='lat' dir='ltr'>Avianius</span> <span class='ocrx_word' id='word_1_62' title='bbox 423 1326 620 1392; x_wconf 84' lang='lat' dir='ltr'>Philoxenus</span> <span class='ocrx_word' id='word_1_63' title='bbox 635 1327 786 1428; x_wconf 87' lang='lat' dir='ltr'>antiquus</span> <span class='ocrx_word' id='word_1_64' title='bbox 806 1349 839 1391; x_wconf 90' lang='lat' dir='ltr'>es</span> <span class='ocrx_word' id='word_1_65' title='bbox 840 1328 989 1412; x_wconf 86' lang='lat' dir='ltr'>thospes</span> <span class='ocrx_word' id='word_1_66' title='bbox 1004 1349 1093 1392; x_wconf 87' lang='lat' dir='ltr'>meus</span> <span class='ocrx_word' id='word_1_67' title='bbox 1113 1335 1128 1384; x_wconf 87' lang='lat'>1</span> 
     </span>
     <span class='ocr_line' id='line_1_12' title="bbox 138 1415 1094 1500; baseline 0 -20"><span class='ocrx_word' id='word_1_68' title='bbox 138 1418 173 1480; x_wconf 88' lang='lat' dir='ltr'>et</span> <span class='ocrx_word' id='word_1_69' title='bbox 194 1420 286 1499; x_wconf 87' lang='lat' dir='ltr'>praet</span> <span class='ocrx_word' id='word_1_70' title='bbox 287 1438 321 1480; x_wconf 91' lang='lat' dir='ltr'>er</span> <span class='ocrx_word' id='word_1_71' title='bbox 347 1415 525 1499; x_wconf 77' lang='lat' dir='ltr'><strong>hospitium</strong></span> <span class='ocrx_word' id='word_1_72' title='bbox 551 1416 699 1480; x_wconf 86' lang='lat' dir='ltr'>valdet</span> <span class='ocrx_word' id='word_1_73' title='bbox 667 1416 764 1480; x_wconf 87' lang='lat' dir='ltr'>etiam</span> <span class='ocrx_word' id='word_1_74' title='bbox 791 1416 973 1498; x_wconf 83' lang='lat' dir='ltr'>familiaris,</span> <span class='ocrx_word' id='word_1_75' title='bbox 1000 1437 1094 1500; x_wconf 88' lang='lat' dir='ltr'>quem</span> 
     </span>
     <span class='ocr_line' id='line_1_13' title="bbox 139 1501 1094 1588; baseline -0.002 -18"><span class='ocrx_word' id='word_1_76' title='bbox 139 1501 258 1570; x_wconf 87' lang='lat' dir='ltr'>Caesar</span> <span class='ocrx_word' id='word_1_77' title='bbox 280 1526 351 1569; x_wconf 89' lang='lat' dir='ltr'>meo</span> <span class='ocrx_word' id='word_1_78' title='bbox 370 1504 553 1569; x_wconf 82' lang='lat' dir='ltr'>beneficio</span> <span class='ocrx_word' id='word_1_79' title='bbox 544 1527 578 1568; x_wconf 89' lang='lat' dir='ltr'>m</span> <span class='ocrx_word' id='word_1_80' title='bbox 596 1503 859 1570; x_wconf 79' lang='lat' dir='ltr'>Novocomenses</span> <span class='ocrx_word' id='word_1_81' title='bbox 877 1509 941 1569; x_wconf 89' lang='lat' dir='ltr'>rett</span> <span class='ocrx_word' id='word_1_82' title='bbox 927 1506 1015 1588; x_wconf 76' lang='lat' dir='ltr'>tulit3</span> <span class='ocrx_word' id='word_1_83' title='bbox 1037 1526 1094 1569; x_wconf 93' lang='lat' dir='ltr'>no·</span> 
     </span>
     <span class='ocr_line' id='line_1_14' title="bbox 139 1553 1094 1677; baseline 0.001 -21"><span class='ocrx_word' id='word_1_84' title='bbox 139 1614 214 1656; x_wconf 87' lang='lat' dir='ltr'>men</span> <span class='ocrx_word' id='word_1_85' title='bbox 238 1596 346 1656; x_wconf 89' lang='lat' dir='ltr'>autem</span> <span class='ocrx_word' id='word_1_86' title='bbox 363 1583 494 1656; x_wconf 84' lang='lat' dir='ltr'>Avianii</span> <span class='ocrx_word' id='word_1_87' title='bbox 518 1596 645 1657; x_wconf 83' lang='lat' dir='ltr'>secutus</span> <span class='ocrx_word' id='word_1_88' title='bbox 667 1596 716 1657; x_wconf 90' lang='lat' dir='ltr'>est</span> <span class='ocrx_word' id='word_1_89' title='bbox 716 1593 833 1677; x_wconf 79' lang='lat' dir='ltr'>,quod</span> <span class='ocrx_word' id='word_1_90' title='bbox 851 1593 981 1658; x_wconf 87' lang='lat' dir='ltr'>homine</span> <span class='ocrx_word' id='word_1_91' title='bbox 1005 1553 1094 1657; x_wconf 86' lang='lat' dir='ltr'>irullo</span> 
     </span>
     <span class='ocr_line' id='line_1_15' title="bbox 139 1645 1096 1766; baseline -0.001 -21"><span class='ocrx_word' id='word_1_92' title='bbox 139 1683 213 1765; x_wconf 83' lang='lat' dir='ltr'>plus</span> <span class='ocrx_word' id='word_1_93' title='bbox 236 1684 286 1746; x_wconf 86' lang='lat' dir='ltr'>est</span> <span class='ocrx_word' id='word_1_94' title='bbox 307 1702 385 1745; x_wconf 86' lang='lat' dir='ltr'>usus</span> <span class='ocrx_word' id='word_1_95' title='bbox 408 1702 505 1764; x_wconf 86' lang='lat' dir='ltr'>quam</span> <span class='ocrx_word' id='word_1_96' title='bbox 527 1680 643 1745; x_wconf 84' lang='lat' dir='ltr'>Flacco</span> <span class='ocrx_word' id='word_1_97' title='bbox 666 1645 804 1746; x_wconf 83' lang='lat' dir='ltr'>Avianio</span> <span class='ocrx_word' id='word_1_98' title='bbox 810 1703 922 1766; x_wconf 84' lang='lat' dir='ltr'>‚meo,</span> <span class='ocrx_word' id='word_1_99' title='bbox 945 1680 1096 1766; x_wconf 82' lang='lat' dir='ltr'>quemad·</span> 
     </span>
    </p>
   </div>
   <div class='ocr_carea' id='block_1_7' title="bbox 140 1767 1133 2471">
    <p class='ocr_par' dir='ltr' id='par_1_7' title="bbox 140 1767 1133 2471">
     <span class='ocr_line' id='line_1_16' title="bbox 140 1767 1095 1853; baseline 0 -21"><span class='ocrx_word' id='word_1_100' title='bbox 140 1768 271 1834; x_wconf 88' lang='lat' dir='ltr'>modum</span> <span class='ocrx_word' id='word_1_101' title='bbox 298 1773 330 1832; x_wconf 87' lang='lat' dir='ltr'>te</span> <span class='ocrx_word' id='word_1_102' title='bbox 358 1769 438 1832; x_wconf 84' lang='lat' dir='ltr'>seire</span> <span class='ocrx_word' id='word_1_103' title='bbox 462 1769 612 1850; x_wconf 87' lang='lat' dir='ltr'>arbitror,</span> <span class='ocrx_word' id='word_1_104' title='bbox 641 1767 905 1834; x_wconf 84' lang='lat' dir='ltr'>familiarissimo:</span> <span class='ocrx_word' id='word_1_105' title='bbox 929 1791 1011 1853; x_wconf 88' lang='lat' dir='ltr'>quae</span> <span class='ocrx_word' id='word_1_106' title='bbox 1035 1789 1095 1853; x_wconf 91' lang='lat' dir='ltr'>ego</span> 
     </span>
     <span class='ocr_line' id='line_1_17' title="bbox 140 1856 1095 1941; baseline -0.003 -19"><span class='ocrx_word' id='word_1_107' title='bbox 140 1858 250 1922; x_wconf 89' lang='lat' dir='ltr'>omnia</span> <span class='ocrx_word' id='word_1_108' title='bbox 276 1857 405 1940; x_wconf 77' lang='lat' dir='ltr'>collegi,</span> <span class='ocrx_word' id='word_1_109' title='bbox 436 1860 474 1919; x_wconf 90' lang='lat' dir='ltr'>ut</span> <span class='ocrx_word' id='word_1_110' title='bbox 501 1856 698 1940; x_wconf 78' lang='lat' dir='ltr'>intelligeres</span> <span class='ocrx_word' id='word_1_111' title='bbox 730 1878 797 1920; x_wconf 89' lang='lat' dir='ltr'>non</span> <span class='ocrx_word' id='word_1_112' title='bbox 828 1858 994 1941; x_wconf 83' lang='lat' dir='ltr'>vulgarem</span> <span class='ocrx_word' id='word_1_113' title='bbox 1027 1877 1095 1920; x_wconf 86' lang='lat' dir='ltr'>esse</span> 
     </span>
     <span class='ocr_line' id='line_1_18' title="bbox 141 1943 1133 2029; baseline -0.003 -19"><span class='ocrx_word' id='word_1_114' title='bbox 141 1945 452 2010; x_wconf 80' lang='lat' dir='ltr'>commendationem</span> <span class='ocrx_word' id='word_1_115' title='bbox 475 1943 560 2007; x_wconf 88' lang='lat' dir='ltr'>hano</span> <span class='ocrx_word' id='word_1_116' title='bbox 582 1965 696 2007; x_wconf 89' lang='lat' dir='ltr'>meam.</span> <span class='ocrx_word' id='word_1_117' title='bbox 740 1943 821 2008; x_wconf 87' lang='lat' dir='ltr'>Peto</span> <span class='ocrx_word' id='word_1_118' title='bbox 848 1945 947 2029; x_wconf 74' lang='lat' dir='ltr'>igibur</span> <span class='ocrx_word' id='word_1_119' title='bbox 975 1945 1032 2008; x_wconf 89' lang='lat' dir='ltr'>abs</span> <span class='ocrx_word' id='word_1_120' title='bbox 1054 1947 1133 2029; x_wconf 69' lang='lat' dir='ltr'>tea</span> 
     </span>
     <span class='ocr_line' id='line_1_19' title="bbox 141 2030 1096 2114; baseline -0.002 -16"><span class='ocrx_word' id='word_1_121' title='bbox 141 2037 178 2098; x_wconf 90' lang='lat' dir='ltr'>ut</span> <span class='ocrx_word' id='word_1_122' title='bbox 205 2032 355 2098; x_wconf 85' lang='lat' dir='ltr'>omnibus</span> <span class='ocrx_word' id='word_1_123' title='bbox 382 2031 492 2113; x_wconf 85' lang='lat' dir='ltr'>rebus,</span> <span class='ocrx_word' id='word_1_124' title='bbox 525 2030 610 2114; x_wconf 89' lang='lat' dir='ltr'>quod</span> <span class='ocrx_word' id='word_1_125' title='bbox 638 2030 706 2094; x_wconf 88' lang='lat' dir='ltr'>sine</span> <span class='ocrx_word' id='word_1_126' title='bbox 733 2032 881 2097; x_wconf 86' lang='lat' dir='ltr'>molestia</span> <span class='ocrx_word' id='word_1_127' title='bbox 907 2036 966 2096; x_wconf 85' lang='lat' dir='ltr'>tua</span> <span class='ocrx_word' id='word_1_128' title='bbox 991 2031 1096 2096; x_wconf 82' lang='lat' dir='ltr'>faeere</span> 
     </span>
     <span class='ocr_line' id='line_1_20' title="bbox 141 2118 1097 2206; baseline -0.002 -20"><span class='ocrx_word' id='word_1_129' title='bbox 141 2121 260 2206; x_wconf 86' lang='lat' dir='ltr'>possis,</span> <span class='ocrx_word' id='word_1_130' title='bbox 290 2120 319 2183; x_wconf 92' lang='lat' dir='ltr'>ei</span> <span class='ocrx_word' id='word_1_131' title='bbox 342 2118 524 2184; x_wconf 84' lang='lat' dir='ltr'>commodes</span> <span class='ocrx_word' id='word_1_132' title='bbox 547 2118 729 2202; x_wconf 83' lang='lat' dir='ltr'>habeasque</span> <span class='ocrx_word' id='word_1_133' title='bbox 752 2120 787 2183; x_wconf 92' lang='lat' dir='ltr'>in</span> <span class='ocrx_word' id='word_1_134' title='bbox 809 2142 945 2184; x_wconf 87' lang='lat' dir='ltr'>numero</span> <span class='ocrx_word' id='word_1_135' title='bbox 967 2123 1097 2184; x_wconf 85' lang='lat' dir='ltr'>tuorum</span> 
     </span>
     <span class='ocr_line' id='line_1_21' title="bbox 141 2206 1097 2292; baseline 0 -20"><span class='ocrx_word' id='word_1_136' title='bbox 141 2208 365 2292; x_wconf 79' lang='lat' dir='ltr'>perficiasque,</span> <span class='ocrx_word' id='word_1_137' title='bbox 391 2210 429 2270; x_wconf 91' lang='lat' dir='ltr'>ut</span> <span class='ocrx_word' id='word_1_138' title='bbox 450 2206 612 2291; x_wconf 90' lang='lat' dir='ltr'>intelligat</span> <span class='ocrx_word' id='word_1_139' title='bbox 634 2206 693 2271; x_wconf 90' lang='lat' dir='ltr'>has</span> <span class='ocrx_word' id='word_1_140' title='bbox 716 2207 840 2271; x_wconf 73' lang='lat' dir='ltr'>litteras</span> <span class='ocrx_word' id='word_1_141' title='bbox 867 2229 955 2272; x_wconf 89' lang='lat' dir='ltr'>meas</span> <span class='ocrx_word' id='word_1_142' title='bbox 977 2229 1097 2292; x_wconf 85' lang='lat' dir='ltr'>magno</span> 
     </span>
     <span class='ocr_line' id='line_1_22' title="bbox 143 2295 1098 2361; baseline 0 -1"><span class='ocrx_word' id='word_1_143' title='bbox 143 2295 205 2360; x_wconf 90' lang='lat' dir='ltr'>sibi</span> <span class='ocrx_word' id='word_1_144' title='bbox 231 2297 305 2360; x_wconf 86' lang='lat' dir='ltr'>usui</span> <span class='ocrx_word' id='word_1_145' title='bbox 330 2295 443 2360; x_wconf 86' lang='lat' dir='ltr'>fuisse:</span> <span class='ocrx_word' id='word_1_146' title='bbox 471 2295 532 2359; x_wconf 93' lang='lat' dir='ltr'>erit</span> <span class='ocrx_word' id='word_1_147' title='bbox 557 2295 591 2358; x_wconf 90' lang='lat' dir='ltr'>id</span> <span class='ocrx_word' id='word_1_148' title='bbox 617 2295 698 2359; x_wconf 87' lang='lat' dir='ltr'>mihi</span> <span class='ocrx_word' id='word_1_149' title='bbox 724 2296 879 2360; x_wconf 88' lang='lat' dir='ltr'>maiorem</span> <span class='ocrx_word' id='word_1_150' title='bbox 904 2297 940 2360; x_wconf 87' lang='lat' dir='ltr'>in</span> <span class='ocrx_word' id='word_1_151' title='bbox 967 2297 1098 2361; x_wconf 87' lang='lat' dir='ltr'>modum</span> 
     </span>
     <span class='ocr_line' id='line_1_23' title="bbox 142 2387 281 2471; baseline 0 -23"><span class='ocrx_word' id='word_1_152' title='bbox 142 2387 281 2471; x_wconf 86' lang='lat' dir='ltr'>gratum.</span> 
     </span>
    </p>
   </div>
   <div class='ocr_carea' id='block_1_8' title="bbox 426 2576 844 2745">
    <p class='ocr_par' dir='ltr' id='par_1_8' title="bbox 426 2576 844 2745">
     <span class='ocr_line' id='line_1_24' title="bbox 544 2576 697 2644; baseline 0.013 -2"><span class='ocrx_word' id='word_1_153' title='bbox 544 2576 697 2644; x_wconf 86' lang='lat' dir='ltr'>XXXVI.</span> 
     </span>
     <span class='ocr_line' id='line_1_25' title="bbox 426 2687 844 2745; baseline -0.005 -1"><span class='ocrx_word' id='word_1_154' title='bbox 426 2687 483 2744; x_wconf 80' lang='lat' dir='ltr'>Sor.</span> <span class='ocrx_word' id='word_1_155' title='bbox 502 2689 607 2744; x_wconf 81' lang='lat' dir='ltr'>Romae</span> <span class='ocrx_word' id='word_1_156' title='bbox 627 2707 650 2744; x_wconf 84' lang='lat' dir='ltr'>a.</span> <span class='ocrx_word' id='word_1_157' title='bbox 670 2709 697 2744; x_wconf 89' lang='lat' dir='ltr'>u.</span> <span class='ocrx_word' id='word_1_158' title='bbox 716 2707 739 2745; x_wconf 87' lang='lat' dir='ltr'>o.</span> <span class='ocrx_word' id='word_1_159' title='bbox 759 2696 844 2745; x_wconf 75' lang='grc'><strong>708..</strong></span> 
     </span>
    </p>
   </div>
   <div class='ocr_carea' id='block_1_9' title="bbox 276 2809 965 2868">
    <p class='ocr_par' dir='ltr' id='par_1_9' title="bbox 276 2809 965 2868">
     <span class='ocr_line' id='line_1_26' title="bbox 276 2809 965 2868; baseline -0.001 -1"><span class='ocrx_word' id='word_1_160' title='bbox 276 2811 424 2867; x_wconf 78' lang='lat' dir='ltr'>CICERO</span> <span class='ocrx_word' id='word_1_161' title='bbox 442 2811 587 2866; x_wconf 78' lang='lat' dir='ltr'>ACILIO</span> <span class='ocrx_word' id='word_1_162' title='bbox 606 2809 866 2868; x_wconf 69' lang='lat' dir='ltr'>PROCONSULI</span> <span class='ocrx_word' id='word_1_163' title='bbox 882 2811 965 2868; x_wconf 73' lang='lat' dir='ltr'><strong><em>SAL.</em></strong></span> 
     </span>
    </p>
   </div>
   <div class='ocr_carea' id='block_1_10' title="bbox 143 2909 1132 3350">
    <p class='ocr_par' dir='ltr' id='par_1_10' title="bbox 143 2909 1132 3350">
     <span class='ocr_line' id='line_1_27' title="bbox 211 2909 1132 2998; baseline 0.002 -22"><span class='ocrx_word' id='word_1_164' title='bbox 211 2909 292 2980; x_wconf 87' lang='lat' dir='ltr'>Cum</span> <span class='ocrx_word' id='word_1_165' title='bbox 315 2912 479 2977; x_wconf 75' lang='lat' dir='ltr'>Demetrio</span> <span class='ocrx_word' id='word_1_166' title='bbox 502 2910 599 2997; x_wconf 86' lang='lat' dir='ltr'>Mega</span> <span class='ocrx_word' id='word_1_167' title='bbox 625 2912 705 2976; x_wconf 90' lang='lat' dir='ltr'>mihi</span> <span class='ocrx_word' id='word_1_168' title='bbox 731 2915 895 2978; x_wconf 86' lang='lat' dir='ltr'>vetustum</span> <span class='ocrx_word' id='word_1_169' title='bbox 921 2913 1132 2998; x_wconf 73' lang='lat' dir='ltr'>hospitibml</span> 
     </span>
     <span class='ocr_line' id='line_1_28' title="bbox 144 3000 1099 3084; baseline 0 -18"><span class='ocrx_word' id='word_1_170' title='bbox 144 3002 208 3084; x_wconf 85' lang='lat' dir='ltr'>est,</span> <span class='ocrx_word' id='word_1_171' title='bbox 238 3001 440 3065; x_wconf 77' lang='lat' dir='ltr'>familiaritas</span> <span class='ocrx_word' id='word_1_172' title='bbox 473 3003 580 3065; x_wconf 84' lang='lat' dir='ltr'>autem</span> <span class='ocrx_word' id='word_1_173' title='bbox 607 3003 713 3084; x_wconf 86' lang='lat' dir='ltr'>tanta,</span> <span class='ocrx_word' id='word_1_174' title='bbox 740 3005 862 3084; x_wconf 90' lang='lat' dir='ltr'>quanta</span> <span class='ocrx_word' id='word_1_175' title='bbox 890 3023 963 3067; x_wconf 87' lang='lat' dir='ltr'>eum</span> <span class='ocrx_word' id='word_1_176' title='bbox 991 3000 1099 3066; x_wconf 83' lang='lat' dir='ltr'>Siculo</span> 
     </span>
     <span class='ocr_line' id='line_1_29' title="bbox 143 3088 1098 3173; baseline 0 -19"><span class='ocrx_word' id='word_1_177' title='bbox 143 3089 243 3154; x_wconf 91' lang='lat' dir='ltr'>nullo.</span> <span class='ocrx_word' id='word_1_178' title='bbox 288 3089 329 3153; x_wconf 79' lang='lat' dir='ltr'>Ei</span> <span class='ocrx_word' id='word_1_179' title='bbox 352 3089 522 3153; x_wconf 88' lang='lat' dir='ltr'>Dolabella</span> <span class='ocrx_word' id='word_1_180' title='bbox 546 3092 665 3173; x_wconf 88' lang='lat' dir='ltr'>rogatu</span> <span class='ocrx_word' id='word_1_181' title='bbox 691 3110 763 3154; x_wconf 92' lang='lat' dir='ltr'>meo</span> <span class='ocrx_word' id='word_1_182' title='bbox 793 3090 956 3154; x_wconf 83' lang='lat' dir='ltr'>oivitatem</span> <span class='ocrx_word' id='word_1_183' title='bbox 979 3113 999 3154; x_wconf 86' lang='lat' dir='ltr'>a</span> <span class='ocrx_word' id='word_1_184' title='bbox 1022 3088 1098 3154; x_wconf 88' lang='lat' dir='ltr'>Cae-</span> 
     </span>
     <span class='ocr_line' id='line_1_30' title="bbox 144 3177 1099 3262; baseline -0.002 -19"><span class='ocrx_word' id='word_1_185' title='bbox 144 3199 215 3243; x_wconf 89' lang='lat' dir='ltr'>sare</span> <span class='ocrx_word' id='word_1_186' title='bbox 234 3177 428 3261; x_wconf 78' lang='lat' dir='ltr'>impetravit,</span> <span class='ocrx_word' id='word_1_187' title='bbox 450 3198 513 3260; x_wconf 89' lang='lat' dir='ltr'>qua</span> <span class='ocrx_word' id='word_1_188' title='bbox 530 3177 566 3240; x_wconf 91' lang='lat' dir='ltr'>in</span> <span class='ocrx_word' id='word_1_189' title='bbox 583 3198 617 3242; x_wconf 88' lang='lat' dir='ltr'>re</span> <span class='ocrx_word' id='word_1_190' title='bbox 637 3197 696 3262; x_wconf 92' lang='lat' dir='ltr'>ego</span> <span class='ocrx_word' id='word_1_191' title='bbox 715 3177 860 3261; x_wconf 84' lang='lat' dir='ltr'>interfui3</span> <span class='ocrx_word' id='word_1_192' title='bbox 882 3179 991 3261; x_wconf 89' lang='lat' dir='ltr'>itaque</span> <span class='ocrx_word' id='word_1_193' title='bbox 1012 3199 1099 3242; x_wconf 86' lang='lat' dir='ltr'>nune</span> 
     </span>
     <span class='ocr_line' id='line_1_31' title="bbox 143 3264 1097 3350; baseline -0.002 -19"><span class='ocrx_word' id='word_1_194' title='bbox 143 3266 180 3331; x_wconf 93' lang='lat' dir='ltr'>P.</span> <span class='ocrx_word' id='word_1_195' title='bbox 194 3264 362 3331; x_wconf 87' lang='lat' dir='ltr'>Cornelius</span> <span class='ocrx_word' id='word_1_196' title='bbox 374 3270 520 3348; x_wconf 85' lang='lat' dir='ltr'>vocatur;</span> <span class='ocrx_word' id='word_1_197' title='bbox 540 3286 701 3349; x_wconf 89' lang='lat' dir='ltr'>quumque</span> <span class='ocrx_word' id='word_1_198' title='bbox 715 3269 848 3350; x_wconf 86' lang='lat' dir='ltr'>propter</span> <span class='ocrx_word' id='word_1_199' title='bbox 862 3265 1018 3349; x_wconf 83' lang='lat' dir='ltr'>quosdam</span> <span class='ocrx_word' id='word_1_200' title='bbox 1033 3288 1097 3330; x_wconf 87' lang='lat' dir='ltr'>sor·</span> 
     </span>
    </p>
   </div>
   <div class='ocr_carea' id='block_1_11' title="bbox 143 3472 1098 3687">
    <p class='ocr_par' dir='ltr' id='par_1_11' title="bbox 143 3472 1098 3687">
     <span class='ocr_line' id='line_1_32' title="bbox 215 3472 1098 3545; baseline -0.003 -16"><span class='ocrx_word' id='word_1_201' title='bbox 215 3475 269 3545; x_wconf 79' lang='lat' dir='ltr'>Ep.</span> <span class='ocrx_word' id='word_1_202' title='bbox 288 3481 330 3529; x_wconf 77' lang='lat'>34.</span> <span class='ocrx_word' id='word_1_203' title='bbox 368 3490 419 3528; x_wconf 87' lang='lat' dir='ltr'>aoo</span> <span class='ocrx_word' id='word_1_204' title='bbox 437 3501 470 3512; x_wconf 90' lang='lat'><em>-</em></span> <span class='ocrx_word' id='word_1_205' title='bbox 489 3477 528 3528; x_wconf 74' lang='lat' dir='ltr'>est</span> <span class='ocrx_word' id='word_1_206' title='bbox 546 3513 570 3526; x_wconf 90' lang='lat'>..</span> <span class='ocrx_word' id='word_1_207' title='bbox 589 3473 700 3540; x_wconf 67' lang='lat' dir='ltr'>femella</span> <span class='ocrx_word' id='word_1_208' title='bbox 716 3493 765 3526; x_wconf 76' lang='lat' dir='ltr'>-r</span> <span class='ocrx_word' id='word_1_209' title='bbox 783 3487 807 3544; x_wconf 82' lang='lat' dir='ltr'>q.</span> <span class='ocrx_word' id='word_1_210' title='bbox 827 3472 901 3541; x_wconf 89' lang='lat' dir='ltr'><strong>(W.).</strong></span> <span class='ocrx_word' id='word_1_211' title='bbox 939 3488 1003 3539; x_wconf 84' lang='lat' dir='ltr'>ooo;</span> <span class='ocrx_word' id='word_1_212' title='bbox 1022 3478 1098 3527; x_wconf 80' lang='lat' dir='ltr'>est..</span> 
     </span>
     <span class='ocr_line' id='line_1_33' title="bbox 143 3545 339 3616; baseline -0.01 -15"><span class='ocrx_word' id='word_1_213' title='bbox 143 3548 164 3616; x_wconf 74' lang='lat' dir='ltr'>f.</span> <span class='ocrx_word' id='word_1_214' title='bbox 196 3546 226 3616; x_wconf 77' lang='lat' dir='ltr'>Q.</span> <span class='ocrx_word' id='word_1_215' title='bbox 245 3545 339 3616; x_wconf 86' lang='lat' dir='ltr'>vulgo.</span> 
     </span>
     <span class='ocr_line' id='line_1_34' title="bbox 832 3636 886 3687; baseline 0.037 -2"><span class='ocrx_word' id='word_1_216' title='bbox 832 3636 886 3687; x_wconf 81' lang='grc'>29*</span> 
     </span>
    </p>
   </div>
   <div class='ocr_carea' id='block_1_12' title="bbox 0 0 1335 3986">
    <p class='ocr_par' dir='ltr' id='par_1_12' title="bbox 0 0 1335 3986">
     <span class='ocr_line' id='line_1_35' title="bbox 0 0 1335 3986; baseline 0 0"><span class='ocrx_word' id='word_1_217' title='bbox 0 0 1335 3986; x_wconf 95' lang='lat' dir='ltr'> </span> 
     </span>
    </p>
   </div>
  </div>
 </body>
</html>
