2644 3988
364 187 623 282 EPISTOLARUM
642 195 702 251 XII.
721 200 817 250 7-10.
1003 193 1068 256 385

109 340 189 426 quid
213 339 371 406 acciderit.
417 337 480 406 Sed
507 340 604 405 etium
634 340 674 404 ad
697 338 975 404 confirmationem
997 359 1067 422 por-

109 433 229 515 petuae
242 429 410 493 libertatis
446 427 515 492 Nos
533 428 586 492 hic
605 427 644 492 de
662 428 833 493 Dolabella
851 427 1068 508 audiebamus,
1087 438 1103 486 2

111 539 195 604 quae
218 517 382 601 vellemus,
404 516 461 582 sed
484 521 587 582 certos
611 520 757 582 auctores
776 538 844 581 non
861 516 1070 584 habebamus

111 605 312 690 'sequidem
334 626 489 693 magnum
516 605 680 670 hominem
704 609 736 670 et
762 605 925 690 praesenti
951 603 1069 669 iudicio

111 699 147 758 et
176 694 292 778 reliqui
323 689 478 778 temporis
510 695 748 778 exspectatione
780 695 860 760 scito
893 714 976 758 csse:
1007 693 1069 758 hoc

111 783 175 846 tibi
202 782 368 866 proposito
395 783 447 846 fac
474 786 512 847 ut
544 782 584 848 ad
612 805 737 848 summa
766 781 957 865 contendam
988 781 1070 846 nihil

112 875 166 935 est
187 874 329 955 tantum,
352 869 438 954 quod
460 892 528 936 non
550 873 689 956 populus
712 870 879 936 Romanus
902 893 922 936 a
943 873 977 936 te
999 891 1070 955 per·

112 959 168 1024 fici
191 963 288 1043 atque
312 959 452 1024 obtineri
473 981 568 1044 posse
591 960 719 1026 iudicet.
763 958 855 1026 Vale.

563 1170 621 1236 IX.

290 1281 347 1337 Ser.
366 1282 471 1338 Romae
489 1299 583 1338 mense
602 1283 682 1338 Iunio
701 1299 727 1338 a.
745 1301 771 1338 u.
791 1300 814 1339 c.
835 1289 893 1338 711.

409 1423 538 1480 CICERO
557 1424 680 1480 CASSIO
700 1425 776 1480 SAL.

554 1491 569 1524 O

109 1551 111 1556 ·
184 1531 331 1597 Brevitas
357 1535 487 1597 tuarum
509 1534 690 1598 litterarum
716 1557 767 1599 me
795 1555 922 1619 quoque
948 1532 1105 1598 brevio-1

114 1643 186 1686 rem
208 1621 244 1685 in
267 1621 434 1686 scribendo
452 1622 540 1706 facit,
563 1626 604 1707 et,
626 1645 699 1687 vere
717 1626 755 1687 ut
773 1624 886 1708 dicam,
907 1623 1072 1687 nonsatis

116 1710 270 1794 occurrit,
297 1710 374 1792 quid
401 1710 551 1793 scribam,
583 1715 710 1775 nostras
743 1713 829 1777 enim
856 1733 907 1775 res
934 1711 973 1774 in.
992 1711 1072 1773 actis

116 1797 255 1883 perferri
282 1798 323 1862 ad
353 1803 386 1862 te
413 1802 500 1863 certo
529 1799 608 1882 scio,
634 1804 708 1864 tuas
736 1803 845 1864 autem
871 1799 1073 1884 ignoramus,
1099 1811 1100 1814 ’

116 1891 284 1969 tamquam
307 1886 392 1975 enim
415 1887 524 1950 clausa
552 1888 595 1951 sit
617 1886 708 1972 Asia,
732 1889 778 1952 sic
803 1887 886 1952 nihil
913 1886 1073 1970 perfertur

117 1975 160 2038 ad
178 1997 239 2040 nos
257 1978 385 2058 praeter
402 1997 547 2039 rumores
566 1975 604 2040 de
624 1997 778 2060 oppresso
796 1975 975 2058 Dolabella,
994 1974 1072 2038 satis

116 2064 192 2128 illos
224 2063 353 2146 quidem
384 2066 584 2148 constantes,
616 2065 670 2128 sed
704 2064 808 2128 adhuc
838 2064 906 2128 sine
934 2065 1073 2127 auctore.

117 2149 204 2233 Nos,
232 2151 414 2216 confectum
441 2152 561 2216 bellum
580 2175 687 2236 ·quum
714 2155 914 2237 putaremus,
940 2154 1107 2235 repente2

118 2261 139 2302 a
162 2237 284 2322 Lepido
306 2243 363 2305 tuo
386 2240 421 2304 in
444 2261 602 2305 summam
620 2240 867 2307 sollicitudinem
887 2262 996 2305 sumus
1020 2239 1074 2303 ad·

119 2327 222 2392 ducti:
248 2327 357 2412 itaque
383 2328 444 2392 tibi
470 2330 627 2413 persuade
654 2330 827 2395 maximam
853 2330 900 2394 rei
926 2327 1074 2414 publicae

119 2437 211 2500 spem
233 2416 268 2479 in
290 2420 322 2480 te
346 2417 435 2481 etin
457 2417 522 2482 tuis
544 2419 645 2504 copiis
659 2431 747 2485 esse.
791 2417 918 2484 Firmos
942 2417 1073 2500 omnino

119 2505 277 2569 exercitus
300 2504 466 2589 habemus,
489 2506 543 2570 sed
566 2510 685 2591 tamen,
707 2513 745 2572 ut
767 2508 890 2592 omnia,
911 2511 949 2571 ut
971 2527 1074 2590 spero,

119 2604 272 2677 prospere
294 2595 480 2678 procedant,
502 2596 640 2660 multum
661 2597 797 2661 interest
818 2599 851 2660 te
873 2596 995 2678 venire,
1022 2615 1074 2658 ex-

119 2681 197 2766 igua
229 2681 316 2746 enim
347 2703 420 2766 spes
451 2684 502 2746 est
531 2684 578 2747 rei
608 2685 822 2767 publicae-
844 2705 921 2747 nam
952 2683 1075 2760 nullam

119 2790 188 2834 non
210 2769 291 2834 libet
312 2769 416 2834 dicere
439 2807 495 2855 -,
523 2772 592 2854 sed,
619 2793 837 2855 quaecumque
865 2775 927 2855 cst,
957 2792 995 2836 ea
1022 2771 1075 2834 dc·

119 2857 298 2942 spondetur
320 2879 406 2924 anno
430 2861 616 2924 consulatus
639 2862 696 2924 tui.
741 2859 830 2924 Vale.

459 3015 721 3136 ,Χ

206 3181 263 3236 Sor.
282 3182 386 3237 &mue
401 3182 514 3238 ineunte
532 3200 626 3240 mense
644 3183 779 3250 Quinctili
797 3199 822 3237 a.
841 3201 868 3237 u.
887 3199 910 3238 c.
930 3188 990 3238 711.

412 3322 541 3379 CICERO
560 3323 683 3380 CASSIO
702 3323 778 3380 SAL,
869 3376 871 3380 .

188 3429 341 3517 Lepidus,
373 3436 449 3498 tuus
477 3432 599 3517 affiniS,
630 3455 720 3498 meus
747 3433 934 3518 familiaris,
960 3453 1008 3516 pr.
1034 3429 1074 3496 K.
1096 3445 1105 3492 1

118 3517 298 3596 Quinctiles
322 3522 491 3586 sententiis
515 3521 664 3586 omnibus
686 3522 790 3586 hostis
814 3543 834 3586 a
856 3524 971 3586 senatu
994 3520 1074 3585 iudi·

175 3623 288 3664 Ciceronis
302 3618 365 3673 epist.
378 3629 397 3668 Ι,
827 3630 860 3678 25
1036 3636 1038 3642 ·
