2634 3988
203 239 266 306 358
488 216 874 295 n'runcnomaaorus

205 389 352 457 constitit
372 409 538 473 nusquam,
560 388 743 472 priusquam
766 387 807 452 ad
829 386 922 454 Vada
943 386 1047 470 venit3
1068 405 1169 471 quem

204 474 308 540 locum
337 473 409 539 volo
436 473 496 537 tibi
523 491 592 536 esse
618 477 746 537 notum:
778 473 864 538 iacet
887 473 973 537 inter
998 469 1169 554 Appenni-

203 579 282 623 num
315 561 347 622 et
368 557 484 640 Alpes,
516 555 777 639 impeditissimus
809 556 849 621 ad
877 556 940 620 iter
970 553 1168 622 faciendum.

171 649 188 699 8
205 641 309 718 Quum
328 642 472 706 abessem
494 639 535 704 ab
556 659 594 704 eo
616 639 706 705 milia
726 661 879 724 passuum
892 661 966 706 xxx.
989 642 1022 704 st
1043 659 1078 704 ss
1098 640 1168 704 iem

204 726 375 792 Ventidius
402 723 641 807 coniunxisset,
665 726 775 790 concio
801 725 869 791 eius
897 725 937 790 ad
963 744 1016 789 me
1043 726 1092 788 est
1119 723 1170 788 al-

204 810 286 889 lata,
314 811 350 874 in
378 830 441 894 qua
460 812 569 893 petere
592 809 697 892 coepit
718 830 739 873 a
758 808 930 892 militibus,
960 812 997 874 ut
1017 829 1053 873 so
1073 810 1168 872 trans

194 894 304 978 -Alpes
332 896 552 979 sequerentur3
580 892 642 959 sibi
668 914 740 958 cum
767 891 811 963 M.
837 892 959 977 Lepido
985 893 1168 959 convenire.

205 976 439 1043 succlamatum
471 981 521 1042 est
549 976 580 1044 ei
605 977 790 1062 frequenter
817 998 837 1041 a
864 976 1021 1042 militibus
1049 976 1169 1043 Venti·

204 1061 309 1127 dianis
335 1099 379 1110 -
405 1083 480 1127 nam
509 1083 583 1128 suos
609 1060 702 1126 valde
729 1081 825 1145 quam
849 1082 970 1145 paucos
991 1060 1089 1126 habet
1113 1101 1168 1144 -,

204 1147 266 1212 sibi
294 1149 352 1213 aut
375 1147 411 1212 in
431 1145 528 1212 Italia
555 1145 753 1232 pereundum
779 1166 848 1210 csse
875 1149 932 1213 aut
958 1143 1168 1227 vincendum,

205 1233 238 1295 ct
270 1251 360 1296 orare
395 1235 583 1316 coeperunt,
620 1233 657 1295 ut
688 1228 879 1295 Pollentiam
910 1231 973 1296 iter
1007 1230 1166 1296 facerent.

205 1313 309 1390 Quum
335 1315 492 1380 sustinere
519 1335 574 1381 eos
595 1335 663 1379 non
684 1317 809 1398 posset,
835 1315 1058 1399 inposterum
1079 1315 1168 1380 diem

170 1398 266 1464 citer
292 1419 384 1463 suum
412 1399 556 1464 contulit.
609 1397 682 1463 Hac
709 1419 744 1462 re
770 1397 850 1464 mibi
875 1399 1025 1464 nuntiata
1054 1400 1169 1464 statim

204 1481 1169 1650 illitati:{attitulatiltlllssda

203 1651 292 1715 venit
307 1670 403 1734 quam
414 1648 591 1716 Trebellius
606 1671 677 1714 cum
692 1651 860 1734 equitibus.
887 1650 972 1717 Sane
983 1671 1078 1735 quam
1093 1673 1167 1718 rum

203 1737 349 1883 §evisam
364 1735 401 1798 in
415 1732 477 1800 hoc
494 1735 581 1800 enim
595 1735 764 1799 victoriam
776 1737 854 1818 puto
870 1736 1043 1800 consistere
1059 1735 1166 1802 ****.

219 1841 241 1884 n
270 1840 361 1904 spem
386 1823 556 1897 venerant,
584 1819 671 1904 quod
691 1838 794 1902 neque
815 1817 929 1883 Planci
950 1822 1100 1904 quattuor
1120 1819 1166 1886 le·

203 1904 314 1988 gionm
343 1903 491 1968 omnibus
520 1903 585 1968 suis
612 1902 713 1986 copiis
734 1922 828 1985 pares
849 1902 1087 1968 arbitrabantur
1109 1925 1166 1969 ne·

203 2009 263 2072 que
290 2009 329 2052 ex
350 1987 447 2051 Italia
471 1990 538 2052 tam
564 1986 711 2052 celeriter
738 1987 914 2051 exercitum
941 1987 1048 2052 traiici
1068 2009 1166 2072 posse

203 2072 385 2138 credebant.
436 2068 521 2148 Quos
548 2070 610 2155 ipsi
638 2070 742 2135 adhuc
761 2070 840 2134 satis
862 2073 1055 2154 arroganter
1075 2071 1165 2137 Alid-

203 2155 317 2242 brogss
346 2156 570 2241 equitatusque
596 2155 717 2236 omnis,
744 2154 799 2238 qui
821 2174 858 2219 eo
880 2155 1073 2238 praemissus
1094 2161 1167 2222 erat

204 2241 355 2318 anobis,
390 2240 609 2319 sustinebant,
642 2242 813 2321 nostroque
845 2237 983 2304 adventu
1011 2238 1166 2306 meineri

202 2323 328 2390 facilius
360 2344 454 2407 posse
486 2322 684 2388 confidimus.
739 2320 877 2404 Tamen,
911 2323 939 2386 si
968 2343 1032 2406 quo
1065 2325 1166 2390 etiam

203 2427 279 2473 casu
306 2408 429 2472 Isaram
455 2427 490 2471 se
516 2408 717 2488 traiecerint,
750 2426 792 2469 no
820 2405 905 2489 quod
937 2405 1166 2474 detrimentum

203 2491 250 2554 rei
282 2490 430 2573 publicae
462 2490 651 2575 iniungant,
688 2509 813 2586 summa
850 2491 998 2588 annobis
1035 2491 1165 2558 dabitur

169 2573 443 2722 ⁶ilellsml⁰i
463 2578 1166 2755 slrlfflatdutcllffilllzalt

202 2743 236 2806 et
263 2742 420 2808 exercitus
447 2745 575 2808 nostros
603 2740 761 2826 singulari
783 2739 952 2807 concordia
974 2743 1165 2810 coniunctos

202 2825 243 2890 ad
276 2828 473 2976 omniadipro
505 2826 596 2892 vobis
627 2824 760 2890 videatis
775 2829 936 2974 dparatos·
967 2827 1024 2892 sed
1054 2830 1165 2894 tamen

796 2930 814 2976 e

201 2908 285 2974 nihil
316 2910 355 2976 de
434 2910 558 2995 igentia
584 2909 748 2974 remittere
815 2909 897 2974 betis
923 2874 1061 2994 dareque
1088 2931 1164 2998 ope

268 3094 318 3164 Ep.
332 3101 373 3164 13,
386 3101 410 3152 3.
422 3098 448 3150 ct
459 3109 488 3149 se
499 3095 555 3148 lom
571 3093 602 3149 V.
616 3092 684 3160 (ld).
708 3091 885 3169 ctlscciicm
896 3093 927 3146 Β.
957 3095 1164 3154 4.eoas.·**·.

204 3161 270 3218 Van.
301 3161 403 3230 (Frsy).
452 3159 564 3214 Excidit
589 3176 690 3235 unum¹
703 3157 816 3226 schum,
845 3173 901 3227 quc
929 3160 1069 3227 posterior
1096 3177 1165 3232 pars

201 3245 247 3297 ep.
274 3234 343 3296 1³‚a
373 3230 404 3284 et
428 3227 507 3298 prior
537 3227 584 3294 (de
611 3226 693 3280 Brut1
723 3241 787 3278 cum
812 3223 917 3280 Planco
952 3227 1165 3298 coniunctione)

199 3311 336 3417 crac
352 3290 1165 3419 recurramus

200 3378 273 3495 turris)
286 3429 505 3484 continebantur
515 3427 622 3494 (Frey).
643 3399 666 3478 i
698 3439 734 3493 go
753 3424 813 3478 sine
824 3397 941 3480 lacunae
952 3377 1060 3496 signif
