2586 3982
257 223 303 290 80
541 221 579 278 M.
599 221 721 278 TULLII
740 221 929 279 CICERONIS

256 369 292 436 id
313 368 376 434 feei
399 367 556 434 adductus
580 368 770 433 auctoritate
798 372 831 433 et
857 368 992 434 oonsilio
1019 372 1090 454 tuo,
1116 367 1215 453 idque
1290 383 1291 422 ῑ

255 480 278 523 a
301 479 351 523 me
374 461 459 524 reete
481 457 605 522 factum
627 460 720 540 puto,
743 456 829 540 quod
851 477 919 521 non
942 457 1065 540 statim,
1092 460 1131 522 ut
1158 480 1213 542 ap·
1290 475 1291 540 j

256 543 395 632 pellatus
418 546 594 628 imperator
613 547 681 630 sim,
705 545 760 610 sed
779 545 849 609 aliis
868 545 963 610 rebus
983 545 1099 610 additis
1118 546 1213 612 aesti-

257 636 369 720 visque
393 633 548 700 confectis
571 633 696 698 litteras
718 634 867 698 miserim.
913 632 1002 699 Haeo
1029 635 1129 720 igitur
1151 634 1213 700 tibi
1290 637 1291 708 ἦ

255 727 354 788 erunt
377 743 480 806 curae,
503 721 770 806 quemadmodum
794 721 1082 806 ostendensque
1105 725 1212 790 totum

256 815 291 877 et
312 833 384 876 mea
407 813 440 876 et
461 831 550 875 meos
574 810 814 875 commendatos
837 810 980 876 habebis.
1290 809 1291 812 ’

711 1004 751 1071 Χ.

256 1116 314 1174 Ser.
329 1118 483 1175 Laodiceae
497 1135 591 1174 mense
605 1119 681 1174 Maio
696 1119 780 1187 (inter
793 1117 854 1172 Kal.
870 1119 899 1173 et
912 1118 1018 1186 Nonas)
1034 1133 1058 1173 a.
1072 1135 1099 1172 u.
1114 1135 1138 1174 a.
1150 1123 1209 1174 704.
1290 1103 1291 1138 ³

483 1243 527 1298 M.
547 1241 675 1298 CICERO
694 1242 750 1296 ΑΡ.
769 1241 937 1296 PULCHRO
958 1241 984 1296 S.

222 1355 236 1404 ι
324 1341 430 1419 Quum
452 1345 502 1408 est
525 1344 565 1407 ad
588 1364 648 1409 nos
672 1343 806 1406 allatum
829 1343 868 1406 de
886 1341 1067 1406 temeritate
1090 1363 1210 1428 eorum,

256 1431 311 1516 qui
333 1431 393 1496 tibi
420 1431 587 1516 negotium
612 1431 822 1515 facesserent,
849 1430 910 1495 etsi
936 1431 1078 1514 graviter
1104 1431 1210 1514 primo

255 1520 371 1585 nuntio
395 1523 573 1585 commotus
597 1541 677 1604 sum,
700 1518 787 1604 quod
810 1518 891 1584 nihil
909 1521 978 1582 tam
995 1521 1123 1603 praeter
1141 1521 1210 1604 opi·
1290 1543 1291 1600 g

255 1608 386 1674 nionem
413 1629 517 1672 meam
546 1608 688 1673 accidere
711 1607 830 1691 potuit,
857 1610 980 1692 tamen,
1007 1610 1044 1672 ut
1071 1629 1122 1672 mo
1145 1609 1210 1673 ool·

255 1696 333 1782 legi,
360 1699 471 1762 uetera·
492 1695 572 1761 mihi
594 1696 748 1760 facillima
774 1695 978 1780 videbantur,
1006 1695 1092 1780 quod
1119 1699 1152 1760 et
1174 1697 1211 1762 in
1290 1721 1291 1784 ss

229 1849 230 1852 ,
255 1787 287 1850 te
310 1785 380 1868 ipso
403 1784 576 1849 mammam
602 1807 692 1869 spem
720 1788 753 1850 et
778 1785 814 1848 in
840 1785 904 1850 tuis
932 1805 1085 1869 magnam
1110 1784 1210 1850 habe·
1290 1793 1291 1862 i

254 1872 328 1938 barn
357 1873 521 1957 multaque
548 1873 628 1938 mihi
654 1873 829 1946 veniebant
855 1873 891 1938 in
916 1876 1070 1957 mentem,
1098 1894 1209 1957 quam·
1290 1901 1291 1904 ¹

253 1961 366 2046 obrem
392 1962 489 2026 istum
517 1961 661 2028 laborem
691 1962 751 2026 tibi
783 1961 880 2026 etiam
911 1961 1029 2026 honori
1060 1964 1210 2045 putarem
1290 1971 1291 2032 ἶ

253 2049 336 2133 fore3
358 2050 439 2116 illud
460 2051 556 2136 plane
579 2051 712 2116 moleste
729 2051 809 2134 tuli,
831 2050 917 2134 quod
940 2050 1152 2116 certissimum
1176 2054 1212 2116 et
1290 2107 1291 2118 ,

253 2139 463 2205 iustissimum
486 2139 686 2225 triumphum
703 2139 766 2204 hoo
782 2139 966 2204 invidorum
984 2139 1117 2207 oonsilio
1137 2160 1210 2206 esse
1290 2147 1291 2206 ]

252 2227 314 2292 tibi
330 2232 491 2312 ereptum
526 2227 686 2293 videbam:
722 2227 809 2311 quod
843 2231 881 2292 tu
917 2228 944 2292 si
975 2228 1063 2292 aanor
1098 2227 1211 2314 faoieS,
1290 2227 1291 2312 j

253 2318 367 2399 quanti
389 2336 449 2400 ego
473 2337 598 2399 semper
624 2315 762 2380 iudicavi
787 2315 969 2381 faeiendum
998 2337 1079 2400 esse,
1106 2316 1210 2384 facies
1290 2321 1291 2396 J

253 2405 416 2488 sapienter
434 2407 467 2468 et
485 2425 561 2488 ages
575 2405 679 2470 vietor
692 2425 731 2468 ex
744 2405 947 2469 inimieorum
965 2404 1074 2470 dolore
1093 2405 1210 2470 trium·
1290 2401 1291 2478 ξ

251 2491 353 2577 phum
370 2492 594 2576 iustissimum3
617 2513 677 2578 ego
701 2493 786 2557 eninr
808 2494 904 2576 plane
926 2493 1019 2558 video
1042 2493 1110 2558 fore
1133 2489 1211 2558 ner·
1290 2493 1291 2578 Ῑ

251 2581 313 2665 vie,
336 2581 465 2666 opibus,
492 2580 651 2666 sapientia
673 2585 743 2665 tua,
770 2581 977 2648 vehementer
998 2585 1036 2646 ut
1057 2581 1211 2650 iuimioos
1290 2589 1291 2668 j

251 2672 325 2736 tuos
357 2671 523 2754 poeniteat
552 2670 819 2754 intemperantiae
847 2691 932 2736 suae.
981 2669 1030 2736 De
1061 2692 1113 2735 me
1144 2672 1212 2738 tibi
1290 2701 1291 2758 3

251 2757 297 2822 sie
320 2762 505 2825 contestans
525 2781 635 2826 omnes
655 2759 731 2826 deos
748 2759 907 2843 promitto
926 2761 1022 2842 atque
1041 2759 1211 2847 confirmo,
1290 2781 1291 2846 ξ

250 2865 301 2912 me
333 2870 391 2930 pro
429 2853 487 2913 tua
524 2849 680 2934 dignitate
708 2885 752 2896 —
779 2847 864 2912 malo
897 2847 983 2912 enlm
1013 2847 1061 2912 ato
1092 2848 1211 2935 dicere,
1290 2851 1291 2866 ²

251 2957 349 3019 quam
371 2958 430 3020 pro
454 2938 557 3003 salute
580 2973 623 2986 -
645 2938 681 3002 in
702 2936 764 3002 hae
786 2935 961 3021 provincia,
984 2936 1094 3006 cuitu
1112 2959 1210 3020 prae·

250 3024 354 3110 suisti,
385 3025 531 3110 rogando
564 3025 791 3110 deprecatoris,
817 3024 994 3090 laborando
1021 3025 1212 3114 propinqui,

250 3115 441 3179 auctoritate
465 3115 530 3178 cari
557 3114 711 3200 hominm,
737 3118 775 3180 ut
802 3135 908 3198 spero,
936 3113 1021 3198 apud
1049 3115 1212 3202 civitatee,
1290 3147 1291 3150 ¹

250 3203 410 3288 gravItate
428 3203 630 3287 imperatoris
650 3207 873 3287 suscepturum
892 3202 998 3268 officia
1016 3206 1112 3286 atque
1130 3225 1211 3287 par·

249 3295 307 3356 tea
357 3291 473 3357 Omnia
500 3293 573 3358 volo
602 3313 621 3356 a
648 3313 698 3356 me
731 3296 764 3356 et
790 3292 933 3376 postules
961 3294 995 3355 et
1026 3295 1211 3376 exspectesz

216 3380 377 3444 avinoam
399 3381 478 3445 meis
501 3380 616 3445 officiis
640 3379 853 3466 eogItationes
876 3385 957 3444 tuas.
994 3377 1030 3455 Q.
1050 3377 1212 3449 Servilius

215 3479 217 3484 ’
250 3467 418 3550 perbreves
451 3469 530 3534 mihi
563 3491 582 3534 a
612 3471 644 3534 te
677 3469 800 3534 Iltteras
831 3467 981 3551 reddidit,
1013 3490 1095 3553 quae
1122 3470 1212 3539 mihi

249 3557 360 3619 tamen
377 3557 473 3623 nimis
491 3558 608 3644 longae
626 3558 712 3623 visae
734 3561 818 3642 sunt,
841 3556 991 3622 iniuriam
1014 3557 1100 3624 enim
1122 3560 1213 3630 mihi
1290 3593 1291 3596 ¹
