2636 3986
260 187 325 252 448
544 187 580 240 u
601 185 723 242 TULLII
741 185 932 243 CICERONIS

260 332 400 398 hominis
424 331 620 397 memoriam
656 329 769 416 Itaque
792 330 876 396 nihil
897 335 930 396 te
953 331 1066 397 doceo:
1088 334 1220 398 tantum

260 421 321 486 tibi
344 421 461 486 sumito
484 440 543 504 pro
567 417 725 504 Capitone
748 420 833 504 apud
858 417 1037 504 Caesarem,
1059 425 1220 505 quantum
1309 445 1310 506 1

224 510 367 593 tipsum
394 509 578 574 meminisse
605 508 733 573 senties.
778 507 864 594 Ego,
892 508 979 593 quod
1004 509 1040 572 in
1067 531 1118 574 me
1145 510 1219 594 ipso

261 598 398 682 experiri
420 597 526 682 potui,
553 597 594 661 ad
616 599 649 660 te
677 596 833 680 deferam3
859 597 895 661 in
922 617 961 662 eo
989 600 1148 681 quantum
1175 599 1220 663 sit

260 687 425 771 ponderis,
456 689 494 750 tu
511 684 660 750 uidebis:
693 706 789 769 quam
816 687 942 769 partem
968 686 1004 749 in
1030 686 1220 772 republica
1309 691 1310 698 ’

262 794 454 858 causamque
478 772 689 857 defenderim,
716 795 774 858 per
797 794 877 858 quos
904 773 1052 839 homines
1076 775 1219 840 ordines·

260 885 323 946 que
347 862 491 928 steterim
514 861 694 947 quibusque
716 862 862 928 munitus
884 861 1013 946 fuerim,
1036 885 1104 928 non
1125 863 1218 950 igno·

261 973 327 1034 ras3
354 951 417 1016 hoc
444 950 524 1016 mihi
554 951 650 1015 velim
678 950 801 1035 credas,
834 950 861 1014 si
889 951 966 1035 quid
997 951 1129 1016 fecerim
1155 952 1219 1017 hoc

260 1040 333 1124 ipso
360 1040 395 1104 in
422 1040 507 1105 bello
539 1040 646 1104 minus
678 1061 718 1104 ex
740 1037 886 1104 Caesaris
918 1041 1099 1125 voluntate,
1131 1042 1220 1124 quod

260 1129 473 1194 intellexerim
496 1128 577 1194 scire
599 1128 706 1212 ipsum
725 1125 893 1193 Caesarem
916 1149 967 1192 me
990 1127 1220 1194 invitissimum

260 1217 388 1302 fecisse,
415 1217 449 1282 id
471 1217 585 1282 fecisse
609 1217 745 1282 aliorum
768 1215 917 1300 consilio,
938 1216 1085 1302 hortatu,
1108 1221 1219 1283 aucto·
1310 1249 1311 1308 q

261 1306 370 1389 ritat03
393 1305 479 1389 quod
497 1304 614 1370 fuerim
627 1304 822 1370 moderatior
835 1306 1106 1390 temperatiorque
1121 1327 1219 1390 quam
1310 1309 1311 1380 l

260 1395 296 1458 in
319 1416 356 1458 ea
379 1397 471 1477 parte
495 1393 672 1477 quisquam,
695 1393 729 1456 id
751 1413 802 1458 me
820 1392 934 1459 fecisse
953 1394 1090 1459 maxime
1109 1398 1217 1460 aucto-

260 1482 356 1546 ritate
380 1479 560 1565 Capitonis,
588 1481 677 1546 cuins
706 1479 824 1546 similes
854 1481 883 1546 si
904 1482 1044 1566 reliquos
1072 1503 1217 1548 necessa-

260 1570 327 1635 rios
349 1569 544 1652 habuissem,
566 1569 613 1633 rei
635 1569 782 1653 publicae
800 1568 938 1635 fortasse
956 1571 1123 1654 nonnihil,¹
1138 1571 1218 1636 mihi

223 1661 347 1726 auerte
369 1658 543 1743 plurimum
566 1657 766 1741 profuissem.
807 1657 901 1722 Hanc
923 1679 1000 1742 rem,
1022 1660 1067 1724 mi
1089 1658 1218 1744 Plance,
1311 1735 1312 1744 χ

261 1746 288 1810 si
309 1747 474 1830 effeceris,
506 1768 610 1810 meam
642 1746 681 1811 de
713 1749 771 1811 tua
802 1767 880 1832 erga
911 1768 963 1811 me
991 1747 1218 1813 benevolentia
1311 1759 1312 1766 ’

261 1857 352 1918 spem
374 1835 622 1918 confirmaveris,
644 1835 751 1919 ipsum
765 1833 966 1921 Capitonem,
988 1837 1218 1921 gratissimum,
1311 1899 1312 1920 ,

261 1923 545 2008 officiosissimum,
573 1923 731 2007 optimum
753 1923 869 2007 virum,
900 1921 941 1988 ad
967 1927 1058 1990 tuam
1080 1927 1219 1991 necessi·
1311 1929 1312 1966 l

260 2013 407 2081 tudinem
429 2015 486 2080 tuo
511 2034 635 2078 summo
659 2011 814 2077 beneficio
838 2012 1031 2079 adiunxeris.

684 2205 788 2298 nux.

543 2316 600 2374 Scr.
620 2319 725 2373 Romae
744 2333 769 2373 a.
788 2336 814 2373 u.
834 2334 857 2372 c.
870 2324 936 2374 708.

433 2439 560 2498 CICERO
579 2440 700 2496 ACILIO
719 2440 949 2498 PROCONSULI
967 2440 1044 2498 sun.

223 2551 241 2602 s
327 2539 363 2606 L.
386 2539 527 2606 Manlius
550 2543 600 2606 est
622 2539 723 2606 Sosis:
747 2540 775 2604 is
797 2540 861 2606 fuit
874 2539 1066 2626 Catinensis,
1088 2540 1145 2606 sed
1168 2545 1222 2607 est

260 2649 326 2694 una
345 2650 418 2693 cum
436 2629 567 2712 reliquis
586 2627 810 2713 Neapolitanis
829 2629 908 2695 civis
926 2629 1092 2695 Romanus
1111 2629 1221 2695 factus

261 2717 452 2802 decurioque
475 2716 626 2803 Neapoli3
654 2718 831 2783 eratenim
854 2719 1013 2802 ascriptus
1035 2718 1071 2782 in
1092 2718 1126 2782 id
1149 2740 1220 2783 mu·

260 2807 415 2890 nicipium
447 2809 522 2870 ante
555 2804 717 2871 civitatem
749 2806 844 2871 sociis
877 2810 910 2871 et
941 2805 1066 2872 Latinis
1098 2806 1220 2873 datam.

260 2893 340 2960 Eius
371 2895 472 2959 frater
503 2892 637 2960 Catinae
668 2915 772 2980 nuper
803 2897 949 2960 mortuns
981 2898 1039 2960 est.
1083 2893 1220 2960 Nullam

260 2983 393 3048 omnino
417 2983 611 3048 arbitramur
638 2983 676 3048 de
693 2977 743 3049 ⁴ea
763 2983 943 3048 hereditate
966 2984 1221 3049 controversiam

261 3091 334 3136 eum
361 3071 561 3156 habiturum,
589 3074 622 3136 et
648 3074 698 3136 est
724 3071 820 3136 hodie
843 3071 878 3134 in
900 3071 1008 3155 bonis3
1041 3071 1109 3156 sed,
1139 3093 1220 3157 quo-

261 3159 349 3224 niam
372 3159 471 3226 hebet
492 3163 658 3244 praeterea
681 3160 814 3245 negotia
836 3162 945 3226 vetera
967 3161 1002 3224 in
1022 3157 1131 3226 Sicilia
1152 3164 1222 3246 tua,

260 3251 294 3312 et
316 3248 400 3314 hanc
427 3249 639 3314 hereditatem
665 3248 844 3313 fraternam
871 3254 901 3314 et
926 3249 1035 3314 omnia
1062 3249 1130 3314 eius
1157 3248 1219 3313 tibi

257 3508 262 3518 ·
321 3437 372 3507 Ep.
397 3445 444 3507 29,
474 3446 497 3495 7.
534 3441 651 3498 uidebis.-
681 3459 764 3515 wem
786 3445 861 3515 (W.).
897 3464 922 3503 o.
944 3433 1039 3520 ’ρααηι
1060 3449 1153 3520 vulgo.
1178 3480 1212 3490 —

249 3523 377 3643 ppgoracpa
377 3511 445 3633 1,poc
459 3509 532 3580 (W.).
552 3514 571 3567 i.
591 3513 652 3570 Hoc
665 3515 757 3586 vulgo.
776 3547 812 3557 -
829 3518 923 3585 aciem
935 3537 976 3575 ure
994 3521 1113 3576 aliorum
1128 3520 1214 3589 (er
