2578 3982
225 241 290 306 628
509 241 546 297 Μ.
566 241 689 297 TULLII
708 241 899 298 CICERONIS

224 408 335 472 causa,
366 390 499 472 propter
526 388 594 451 eius
621 387 753 451 luctum.
802 387 847 452 'l'e
875 409 933 453 oro
963 389 1067 453 etiam
1098 393 1202 474 atque

224 476 335 560 etiam,
358 476 403 540 mi
424 475 539 560 frater,
561 479 599 542 ut
620 476 737 540 valeas.
1268 515 1270 646 1

679 668 721 735 Π.

296 781 353 838 Ser.
377 782 482 838 Romae
506 798 531 835 u.
554 780 581 835 d.
604 781 638 836 V.
662 782 727 836 Idus
751 782 885 838 Octobres
908 799 933 836 c.
957 800 983 836 u.
1004 799 1028 837 c.
1055 789 1123 837 700.

332 905 498 962 MARCUS
519 903 675 976 QUINTO
688 903 851 958 FRATRI
867 905 1081 960 SALUTEM.

197 1026 210 1065 r
289 1004 452 1070 nui-1.
492 1005 569 1070 Idus
593 1005 722 1070 Octobr.
751 1001 877 1070 Salvius
904 1003 1032 1070 Ostiam
1059 1008 1197 1090 vesperi

223 1094 300 1160 navi
322 1094 486 1180 profectus
510 1098 580 1160 erat
602 1116 675 1159 cum
697 1094 737 1156 iis
759 1093 869 1176 rebus,
898 1115 978 1177 quas
1000 1094 1066 1157 tibi
1093 1095 1195 1160 domo

223 1183 309 1248 mitti
332 1183 489 1248 volueras.
534 1181 659 1248 Eodem
686 1181 736 1246 die
760 1179 933 1246 Gabinium
961 1181 1001 1244 ad
1026 1185 1194 1267 populum

222 1271 385 1336 luculente
409 1272 599 1336 calefecerat
620 1270 790 1334 Memmius
815 1270 874 1354 sic,
900 1272 938 1333 ut
965 1267 1096 1335 Calidio
1120 1293 1193 1335 ver-

222 1360 301 1426 bum
327 1361 433 1425 facere
460 1382 519 1446 pro
548 1382 585 1425 eo
613 1380 681 1424 non
706 1358 842 1423 licuerit.
886 1356 1046 1422 Postridie
1077 1363 1193 1424 autem

223 1449 291 1512 eius
314 1448 387 1531 diei,
410 1449 464 1531 qui
487 1453 557 1513 erat
578 1452 649 1512 tum
671 1447 813 1530 futurus,
840 1468 939 1530 quum
961 1446 1043 1510 haec
1068 1448 1192 1512 scribe-

225 1535 300 1600 bam
323 1539 398 1600 ante
427 1537 545 1619 lucem,
572 1535 657 1620 apud
681 1532 838 1600 Catonem
865 1538 935 1598 erat
962 1535 1127 1601 divinatio
1158 1539 1191 1600 iu

223 1622 396 1689 Gabinium
418 1624 528 1688 futura
555 1624 640 1688 inter
666 1622 855 1704 Memmium
881 1626 915 1686 et
937 1622 984 1686 Ti.
1017 1621 1191 1690 Neronem

223 1714 255 1776 et
283 1709 317 1777 C.
344 1716 377 1777 et
404 1710 439 1776 L.
465 1711 629 1778 Antonios
657 1710 701 1776 M.
727 1711 763 1775 fa
799 1710 993 1797 putabamus
1026 1711 1119 1797 fore,
1153 1721 1190 1778 ut

221 1798 374 1866 Memmio
399 1801 537 1885 daretur,
560 1801 621 1866 etsi
644 1802 714 1864 erat
736 1797 876 1865 Neronis
899 1800 981 1863 mira
1004 1803 1190 1867 contentio.

223 1888 306 1964 Quid
325 1889 473 1974 quaeris?
496 1890 596 1973 probe
616 1888 781 1972 premitur,
799 1889 863 1952 nisi
882 1891 993 1953 noster
1007 1887 1190 1974 Pompeius

196 1977 271 2041 adis
298 1975 547 2061 hominibusque
578 1976 688 2041 invitis
720 1977 888 2062 negotium
914 1977 1077 2041 everterit.
1128 1978 1191 2044 Co-

222 2087 342 2151 gnosce
372 2087 460 2132 nunc
491 2065 631 2130 hominis
664 2065 831 2130 audaciam
862 2067 896 2129 et
927 2064 1050 2149 aliquid
1084 2068 1123 2131 in
1155 2091 1190 2131 re
1267 2099 1269 2108 r

221 2155 350 2238 publica
372 2155 499 2239 perdita
521 2155 692 2218 delectare:
718 2175 817 2237 quum
840 2151 1005 2237 Gabinius,
1029 2175 1191 2238 quacum·
1268 2239 1269 2242 Ἴ

117 2321 125 2334 .
222 2265 283 2327 que
306 2242 465 2328 veniebat,
486 2241 687 2326 triumphum
710 2263 743 2305 se
763 2241 926 2325 postulare
951 2241 1087 2306 dixisset
1113 2246 1191 2309 sub-

220 2333 331 2416 itoque
353 2331 459 2397 bonus
481 2331 658 2416 imperator
678 2334 777 2395 noctu
800 2331 835 2392 in
858 2329 969 2394 urbem
992 2331 1013 2408 †
1037 2330 1191 2398 hostium

220 2421 318 2504 plane
344 2420 528 2503 invasisset,
553 2420 590 2483 in
617 2422 766 2483 senatum
793 2439 827 2482 se
853 2439 926 2504 non,
948 2420 1190 2486 committebat.

221 2507 356 2571 lnterim
377 2508 449 2590 ipso
472 2507 595 2571 decimo
619 2507 679 2590 die,
701 2528 765 2591 quo
788 2527 862 2570 eum
884 2507 1057 2590 oportebat
1078 2509 1104 2586 †
1130 2510 1189 2575 ho·

221 2595 356 2659 stiarum
386 2615 557 2660 numerum
588 2599 621 2659 et
652 2595 791 2659 militum
821 2594 1019 2677 renuntiare,
1050 2596 1191 2682 irrepsit

220 2705 345 2749 summa
367 2682 592 2768 infrequentia.
638 2682 744 2758 Quum
771 2683 868 2747 vellet
894 2683 993 2766 exire,
1020 2705 1041 2746 a
1064 2705 1189 2750 consu-

219 2772 303 2838 libus
325 2777 470 2838 retentus
493 2775 550 2856 est,
571 2771 748 2836 introducti
765 2771 941 2856 publicani:
964 2771 1062 2836 homo
1086 2775 1187 2838 undi-

221 2881 282 2944 que
304 2861 326 2940 †
349 2863 433 2926 atius
466 2865 499 2925 et
525 2880 624 2944 quum
652 2881 745 2924 ame
777 2860 914 2924 maxime
945 2861 1187 2946 vulneraretur,

290 3087 342 3157 Ep.
362 3094 386 3156 2,
406 3094 430 3142 2.
468 3089 560 3143 urbem
577 3091 595 3156 †
614 3089 729 3142 bostium
749 3089 835 3156 plane
857 3088 911 3143 inu.
939 3088 1012 3154 (W.).
1051 3105 1078 3141 u.
1097 3090 1185 3146 bosti-

219 3161 270 3215 lem
288 3159 329 3227 pl.
353 3161 383 3212 in
407 3158 515 3212 modum
540 3160 595 3214 inv.
622 3159 695 3227 (W).
742 3176 778 3224 ra,
796 3159 911 3213 bostium
926 3159 982 3227 pt,
1003 3160 1059 3214 inv.
1084 3159 1184 3228 Mur,
1267 3211 1268 3218 ,

219 3231 313 3299 vulgo.
334 3259 366 3268 -
390 3229 576 3294 †bostiorum
594 3245 734 3283 aum-erum
758 3229 818 3296 (M.,
838 3229 901 3297 W.).
945 3230 1062 3283 bostium
1081 3235 1184 3288 occiso·
1267 3261 1268 3292 l

219 3317 280 3354 rum
299 3316 326 3354 n.
346 3299 390 3353 vel
409 3299 434 3354 b.
454 3315 592 3355 caesorum
609 3317 637 3354 a.
657 3299 732 3368 (W.).
769 3300 885 3354 bostium
903 3317 930 3354 a.
951 3299 1009 3366 Ru,
1029 3300 1127 3372 vulgo.
1150 3335 1184 3343 -
1267 3345 1268 3382 ¹

218 3371 373 3439 frequentia
388 3371 440 3438 (ed.
455 3369 572 3440 land.)?
588 3401 619 3410 ·-
640 3371 761 3440 nudique
774 3375 792 3436 †
807 3372 881 3425 atius
894 3375 919 3424 et
932 3387 1015 3438 quum
1031 3371 1102 3441 (Ml,
1114 3373 1181 3440 W.).
1267 3399 1268 3402 ¹

219 3458 246 3494 a⁴
266 3458 291 3496 a.
312 3442 367 3496 tuis
385 3447 409 3496 et
427 3458 488 3496 cum
506 3442 565 3508 Ma,
585 3442 606 3494 l.
642 3457 703 3494 cum
721 3458 748 3496 u.
769 3459 786 3495 a
805 3443 968 3496 tuisettum
984 3441 1015 3496 R.
1053 3457 1082 3496 u.
1102 3451 1184 3500 actus

219 3517 344 3581 atquem
364 3512 419 3580 (V.)
438 3516 488 3566 aut
505 3529 533 3567 u.
553 3512 709 3580 excudatur
727 3511 781 3581 (vel
801 3529 827 3567 u.
847 3513 988 3582 euitatus),
1007 3529 1092 3582 quum
1112 3516 1182 3586 (W.)

220 3586 269 3636 uut
286 3600 313 3638 u.
333 3587 518 3652 actaeonem
539 3583 632 3650 (Mans,
652 3582 702 3645 Β.).
