2644 3988
207 185 212 193 ’
238 216 305 280 392
522 217 559 270 u.
579 217 702 272 runnu
720 215 910 272 uoaaours

201 373 217 421 3
236 361 329 426 vobis
352 360 477 425 efficere
500 361 675 446 negotium.
719 361 839 426 Rhodii
860 381 920 425 nos
944 365 976 424 et
996 381 1067 424 rem
1090 359 1200 444 publi·

237 472 308 515 eam
340 471 436 533 quam
467 450 559 515 valde
592 450 844 534 desperaverint,
881 470 919 513 ex
949 448 1081 532 litteris,
1114 468 1200 531 quas

236 537 364 623 publice
387 538 470 621 misi,
493 559 676 624 cognosces.
721 537 766 602 Et
788 538 916 623 quidem
937 538 1041 602 multo
1064 537 1199 621 parcius

238 627 365 711 scripsi3
387 627 498 691 mirari
519 627 602 691 noli:
625 627 708 691 mira
730 630 781 691 est
803 648 913 691 eorum
936 626 1088 690 amentia.
1125 623 1200 689 Nec

236 719 407 781 moverunt
424 736 475 779 me
494 736 583 780 meae
602 716 687 779 ullae
700 715 852 799 privatim
871 715 1007 779 iniuriae
1025 735 1201 797 umquam:

235 805 341 868 malus
363 803 490 867 animus
513 825 624 867 eorum
646 804 682 868 in
699 808 844 868 nostram
865 804 1010 886 salutem,
1033 802 1200 885 cupiditas

235 893 377 976 partium
413 891 562 974 aliarum,
602 892 841 976 perseverantia
880 893 915 957 in
951 891 1200 974 contemptione

236 979 351 1065 optimi
373 980 526 1064 cuiusque
549 981 682 1044 ferenda
699 980 779 1045 mihi
798 1002 865 1045 non
882 980 953 1044 fuit.
989 977 1060 1044 Nec
1082 983 1199 1042 tamen

236 1091 347 1134 omnes
370 1069 513 1153 perditos
536 1090 605 1134 esse
628 1073 721 1153 put03
749 1069 804 1133 sed
831 1067 928 1132 iidem
949 1068 1011 1152 illi,
1039 1067 1095 1151 qui
1124 1071 1198 1130 tum

235 1157 416 1243 fugientem
429 1160 555 1241 patrem
568 1179 685 1244 meum,
704 1159 758 1241 qui
772 1156 807 1221 L.
821 1155 1004 1240 Lentulum,
1024 1155 1081 1239 qui
1099 1154 1199 1220 Pom·

235 1246 352 1329 peium,
375 1246 431 1329 qui
448 1249 571 1310 ceteros
589 1247 676 1310 viros
695 1246 889 1310 clarissimos
907 1265 975 1309 non
992 1247 1198 1327 receperunt,

234 1332 332 1398 iidem
358 1336 524 1417 tamuam
551 1335 658 1417 aliquo
685 1334 755 1399 fato
778 1337 812 1398 et
832 1355 919 1396 nunc
943 1335 1000 1396 aut
1022 1333 1197 1416 magistra-

234 1426 306 1484 tum
328 1425 445 1507 gerunt
468 1425 525 1486 aut
547 1443 611 1506 eos,
633 1423 688 1506 qui
707 1422 836 1486 suntin
854 1421 1057 1506 magistratu,
1079 1421 1116 1483 in
1135 1441 1198 1483 sua

234 1508 358 1572 habent
379 1512 553 1592 potestate:
579 1509 699 1594 itaque·
712 1510 822 1574 eadem
846 1509 997 1593 superbia
1023 1509 1059 1571 in
1087 1508 1197 1592 pravi-

234 1600 302 1661 tate
328 1600 477 1680 utuntur3
509 1619 646 1680 quorum
672 1598 913 1681 improbitatem
940 1595 1117 1680 aliquando
1146 1617 1197 1660 re-

234 1685 328 1748 tundi
360 1689 392 1749 et
422 1706 489 1749 non
520 1685 589 1768 pati
620 1687 812 1770 impunitate
844 1685 956 1770 augeri
988 1705 1056 1749 non
1087 1685 1197 1748 solnm

234 1773 312 1837 utile
340 1777 389 1838 est
415 1773 462 1837 rei
488 1773 635 1857 publicae
662 1777 807 1857 nostrae,
837 1774 892 1838 sed
920 1773 1019 1837 etiam
1045 1789 1199 1836 necessa*

198 1862 326 1926 trium.
371 1861 420 1926 De
447 1865 560 1926 nostra
587 1862 744 1946 dignitate
776 1863 873 1926 velim
904 1862 965 1925 tibi
997 1864 1035 1926 ut
1066 1882 1199 1944 semper
1309 1875 1310 1890 ¹

234 1971 328 2014 curae
357 1951 399 2015 sit
427 1946 472 2034 et,
504 1970 705 2034 quocumque
732 1953 876 2034 tempore
904 1949 1109 2014 occasionem
1137 1949 1198 2012 ha·

233 2037 349 2122 bueris,
371 2042 405 2102 et
427 2039 462 2102 in
485 2040 600 2102 senatu
628 2041 660 2102 et
682 2038 796 2102 ceteris
818 2038 914 2102 rebus
941 2037 1031 2101 laudi
1058 2039 1198 2102 nostrae

234 2126 416 2210 suffragare.
471 2125 630 2202 Quoniam
658 2127 844 2190 oonsulibus
871 2125 1000 2189 decreta
1031 2128 1083 2189 est
1112 2124 1198 2188 Asia

233 2216 266 2277 et
287 2210 478 2297 permissum
501 2218 550 2278 est
572 2214 621 2298 iis,
642 2216 689 2297 ut,
712 2214 787 2277 dum
809 2214 872 2297 ipsi
894 2214 1053 2296 venirent,
1076 2213 1198 2278 darent

232 2302 408 2384 negotium,
431 2302 486 2384 qui
510 2300 622 2366 Asiam
645 2301 823 2384 obtineant,
848 2305 1001 2386 rogote,
1028 2305 1124 2385 petas
1154 2302 1197 2366 ab

231 2387 283 2469 iis,
304 2391 341 2450 ut
362 2387 447 2452 hanc
470 2389 662 2472 dignitatem
689 2389 893 2474 potissimum
919 2389 1016 2454 nobis
1044 2389 1199 2454 tribuant

232 2475 266 2536 et
288 2474 367 2538 mihi
395 2475 473 2539 dent
499 2477 679 2561 negotium,
706 2480 744 2541 ut
765 2475 878 2541 Asiam
906 2477 1087 2561 obtineam,
1116 2478 1198 2542 dum

231 2560 377 2642 ipsorum
400 2563 554 2626 alteruter
575 2564 677 2647 renit3
705 2587 795 2648 nam,
817 2565 904 2648 quod
927 2564 992 2629 huc
1015 2571 1198 2649 properent

231 2647 267 2710 in
289 2648 482 2732 magistratu
503 2651 614 2714 venire
632 2655 688 2716 aut
706 2653 880 2717 exercitum
898 2654 1038 2736 mittere,
1061 2675 1209 2728 causam.

230 2754 300 2797 non
321 2733 455 2820 habent3
478 2736 648 2803 Dolabella
670 2740 756 2804 enim
779 2741 815 2803 in
833 2741 924 2825 Syria
947 2744 1006 2824 est,
1030 2745 1073 2824 et,
1095 2745 1135 2806 ut
1158 2746 1198 2806 tu

231 2820 341 2884 divina
369 2827 426 2888 tua
458 2830 565 2890 mente
587 2828 780 2910 prospexisti
812 2831 845 2891 et
871 2829 1083 2913 praedicasti,
1117 2830 1199 2894 dum

230 2907 286 2972 isti
308 2910 455 2995 veniunt,
479 2911 608 2976 Cassius
632 2935 705 2977 eum
730 2916 903 3000 opprimet3
931 2918 1083 2982 exclusus
1107 2917 1199 2982 enim

230 2995 273 3060 ab
304 2993 487 3062 Antiochea
509 2999 687 3064 Dolabella
718 3005 751 3066 et
781 3002 816 3066 in
849 3005 1074 3089 oppugnando
1109 3007 1199 3071 male

230 3087 390 3167 acceptus,
412 3087 502 3150 nulla
526 3087 589 3151 alia
612 3089 751 3153 confisus
773 3091 862 3173 urbe,
885 3091 1092 3178 Laodiceam,
1111 3116 1198 3178 quae

229 3175 280 3235 est
301 3172 336 3234 in
360 3169 453 3256 Syria
471 3175 512 3236 ed
527 3195 625 3258 mere,
635 3196 669 3238 se
687 3178 837 3242 contulit:
860 3179 906 3242 ibi
929 3201 1025 3263 spero
1046 3182 1200 3248 celeriter

300 3325 351 3394 Ep.
376 3333 421 3395 14,
443 3333 468 3380 3.
517 3326 577 3380 Nec
602 3335 741 3383 mooauat
766 3348 808 3385 ure
834 3350 907 3389 meae
938 3335 1016 3404 (W.).
1071 3354 1124 3392 nec
1156 3355 1201 3392 me

228 3410 302 3447 meac
319 3394 356 3447 M.
376 3397 508 3466 (ascripto
526 3397 557 3450 in
574 3398 701 3466 margine
719 3398 776 3453 alia
794 3418 880 3458 manu
898 3411 1042 3460 mouerunt
1064 3411 1135 3478 post
1153 3411 1200 3462 iu·

229 3463 338 3542 iuriae).
374 3465 433 3519 Nec
450 3483 522 3520 meae
536 3466 578 3534 V,
592 3465 624 3519 B.
643 3497 675 3506 -—
695 3470 726 3550 iu
739 3476 860 3526 nostram
874 3475 991 3530 sautem
1009 3477 1085 3546 (edd.
1101 3480 1197 3551 vett.)

228 3548 261 3585 ru
278 3538 372 3586 uestra
389 3536 475 3590 salute
493 3535 557 3590 ΜΒ.
602 3541 626 3590 4.
654 3544 761 3605 veucut;
779 3558 844 3596 uum
863 3543 950 3611 (ΨΜ
1101 3565 1104 3572 ·
