2676 3984
395 245 653 303 EPISTOLARUM
670 249 718 304 lx.
738 255 779 304 aa.
800 257 842 305 ae.
1030 251 1095 316 293

138 387 256 474 Pyrrhi
278 393 310 455 te
333 391 433 457 libros
456 394 489 456 et
512 391 629 458 Cineae
651 393 744 460 video
766 395 937 461 lectitasse.
981 394 1095 481 ltaque

140 479 363 562 obtemperare
394 479 502 566 cogito
534 483 713 566 praeceptis
744 483 823 567 buia,
853 483 916 549 hoc
948 486 1095 569 amplius,

139 567 361 636 navicularum
380 568 499 634 habere
519 570 639 654 aliquid
656 571 693 635 in
710 581 768 636 'ora
785 573 959 638 maritima:
982 577 1096 638 contra

140 655 281 739 equitem
303 653 460 721 Parthum
486 662 610 812 negant
636 660 735 724 ullam
763 663 959 725 armaturam
985 662 1095 726 melio·

139 765 209 808 rem
230 745 369 809 inveniri
391 767 495 830 posse.
555 747 594 811 ed
617 748 693 830 quid
711 747 874 814 ludimus?
896 750 1011 834 nescis,
1031 773 1094 834 quo

140 853 214 897 cum
231 833 425 918 imperatore
443 835 504 900 tibi
521 836 689 920 negotium
707 837 762 901 ait:
785 835 942 899 παιδείαν
963 835 1092 914 Κύρου,

140 942 239 1005 quam
270 923 462 987 contrieram
492 923 644 1008 legendo,
675 927 778 990 totam
809 925 845 988 in
870 925 933 991 hoc
959 926 1094 1010 imperio

139 1011 305 1094 explicavi.
360 1009 422 1076 Sed
453 1012 633 1077 iocabimur
663 1014 743 1077 alies
775 1033 896 1096 coram,
927 1018 967 1078 ut
991 1031 1129 1099 sper0‚a

140 1098 230 1163 brevi
251 1103 410 1184 tempore:
442 1121 529 1166 nuuc
556 1101 632 1165 ades
660 1101 701 1165 ad
729 1101 954 1186 imperandum
979 1103 1095 1167 velud

139 1187 318 1271 parendum
350 1189 471 1274 potius,
507 1190 553 1254 sic
588 1190 676 1254 enim
711 1190 837 1274 antiqui
871 1190 1094 1274 loquebantur.

141 1273 223 1340 Cum
245 1275 289 1340 Μ.
311 1275 426 1363 Fadio,
453 1278 539 1362 quod
567 1277 647 1344 scire
669 1283 702 1343 te
725 1279 876 1363 arbitror,
903 1279 983 1343 mihi
1010 1301 1094 1344 sum·

139 1385 313 1430 musaeus
335 1368 399 1451 est,
425 1366 580 1452 valdeque
607 1389 681 1432 eum
708 1367 809 1452 diligo
837 1389 937 1451 quum
962 1372 1096 1452 propter

141 1474 300 1518 summam
321 1455 516 1540 probitatem
538 1457 606 1522 eius
625 1477 663 1520 ac
681 1456 878 1542 singularem
895 1457 1095 1542 modestiam,

139 1545 210 1606 turm
233 1542 319 1627 quod
341 1544 377 1607 in
398 1544 440 1608 iis
460 1545 696 1630 controversiis,
718 1566 798 1628 quae
815 1545 920 1610 habco
939 1565 1012 1610 cum
1029 1547 1094 1611 tuis

139 1631 386 1697 combibonibus
400 1632 570 1718 Epicuriis,
588 1635 711 1717 optima
729 1655 827 1718 opera
844 1633 912 1699 eius
930 1635 979 1698 uti
997 1635 1094 1701 solco.

140 1717 174 1784 Is
197 1741 296 1804 quum
319 1721 360 1786 ad
381 1743 434 1786 me
452 1721 644 1786 Laodiceam
661 1723 804 1788 venisset
822 1743 1009 1807 mecumque
1032 1737 1129 1809 egee

140 1829 215 1872 eum
237 1831 307 1874 esse
329 1811 458 1894 vellem,
479 1814 615 1895 repente-
628 1833 799 1895 percussus
818 1814 868 1876 est
886 1811 1094 1879 atrocissimis

140 1897 278 1981 litteris,'
297 1898 332 1963 in
360 1898 476 1983 quibus
503 1899 658 1984 scriptum
685 1903 755 1983 erat
781 1898 919 1964 fundum
940 1898 1093 1966 Hercula·

140 2006 275 2050 nensem
306 2009 326 2052 a
353 1987 390 2064 Q.
411 1987 513 2052 Fadio
545 1987 645 2052 fratre
677 1989 892 2072 proscriptum
924 2009 1007 2072 esse,
1039 1989 1094 2072 qui

140 2073 261 2138 fundus
284 2097 358 2140 cum
381 2097 419 2142 co
443 2077 621 2141 communis
640 2080 733 2141 esset
768 2076 807 2141 Id
824 2075 868 2141 M.
886 2075 1006 2141 Fadius
1023 2098 1093 2160 per·
1115 2121 1118 2126 -

140 2163 283 2248 gradior
308 2163 385 2229 tulit
410 2165 666 2249 existimavitque
692 2165 826 2230 fratrem
853 2187 961 2249 suum,
991 2164 1093 2228 homi-

140 2272 216 2316 nem
242 2273 310 2317 non
342 2253 529 2338 sapientem,
559 2254 701 2339 impulsu
731 2254 934 2318 inimicorum
963 2275 1095 2318 suorum

141 2361 180 2404 eo
202 2362 408 2426 progressum
431 2363 510 2408 esse.
548 2341 654 2428 Nunc,
676 2343 705 2428 si
727 2363 777 2406 mc
800 2363 899 2424 amas,
920 2341 966 2406 mi
987 2340 1095 2428 Paete,

140 2430 309 2514 negotium
339 2434 445 2496 totum
477 2431 616 2515 suscipe3
647 2431 796 2496 molestia
821 2429 958 2495 Fadium
984 2429 1093 2494 libera.

140 2515 343 2584 Auctoritatc
365 2523 424 2584 tua
444 2519 538 2584 nobis
561 2541 643 2603 opus
665 2524 716 2585 est
733 2524 766 2584 et
783 2519 918 2584 oonsilio
941 2521 975 2583 et
996 2519 1094 2583 ctiam

141 2607 259 2692 gratia:
281 2609 350 2674 noli
372 2608 441 2692 pati
462 2608 591 2693 litigare
613 2609 730 2673 fratres
751 2613 786 2672 et
801 2608 927 2673 iudiciis
945 2608 1094 2692 turpibus

141 2696 332 2781 conflictari3
362 2696 529 2762 Matonem
556 2700 589 2761 et
609 2696 789 2762 Pollionem
820 2697 967 2761 inimicos
995 2696 1095 2761 habet

140 2783 269 2850 Fadius.
314 2785 398 2862 Quid
420 2786 544 2850 multa?
572 2807 642 2851 non
666 2785 848 2849 mehercule
869 2787 938 2848 tam
959 2785 1093 2868 perscri-

140 2872 216 2937 bere
238 2895 380 2958 possum,
403 2896 499 2959 quam
517 2874 596 2938 mihi
615 2877 744 2960 gratum
761 2871 885 2951 feceris,
908 2872 935 2936 si
953 2872 1090 2937 otiosum

139 2959 277 3026 Fadium
299 2962 488 3028 reddideris:
509 2963 542 3027 id
564 2962 618 3027 ille
641 2963 676 3026 in
697 2966 730 3026 te
748 2961 890 3044 positum
908 2981 977 3025 esse
999 2963 1095 3045 putat

140 3049 283 3134 mihique
305 3050 485 3135 persuadet.

211 3277 263 3350 Ep.
282 3281 326 3348 26,
342 3285 365 3334 1.
402 3279 565 3334 mercia
583 3277 650 3347 (Ml.
687 3277 866 3334 coatrioeram
883 3273 977 3346 vulgo.
