2676 3984
396 212 657 269 EPISTOLARUM
674 212 721 267 IX.
742 220 783 268 19.
806 219 848 268 20.
1038 213 1104 280 285

141 358 261 425 virum!
293 380 361 425 non
391 380 478 443 enm,
510 380 606 443 quem
636 360 673 421 tu
701 379 735 422 es
762 357 876 423 solitus
907 359 1104 440 promulside

140 448 312 514 conficere:
335 449 498 533 integram
520 448 640 512 famem
663 446 704 510 ad
732 467 828 511 ovum
856 444 968 530 effero,
993 447 1104 531 itaque
1156 471 1158 474 ’

142 535 312 621 usquead
340 558 450 601 assum
475 535 649 600 vitulinum
675 555 774 619 opera
800 533 994 618 perducitur.
1042 535 1105 600 Illa

141 647 227 708 mes,
249 646 332 708 quae
355 625 482 690 solebas
506 627 602 689 antea
619 622 760 707 laudare,
781 644 820 708 „o
838 623 1004 688 hominem
1025 624 1103 688 faoi·

142 715 223 778 lem!
246 734 266 778 o
288 713 453 797 hospitem
470 733 539 778 non
557 709 724 798 gravem!“
746 710 908 776 abierunt:
930 732 1018 776 nuno
1037 734 1104 777 om·

140 797 221 867 nem
243 805 389 866 nostram
412 801 451 865 de
473 799 657 886 republica
674 821 793 884 euram,
815 799 1047 886 cogitationem
1065 800 1104 864 de

144 889 282 955 dicenda
303 890 339 954 in
362 893 478 956 senatu
500 889 675 973 sententia,
704 889 1008 954 commentationem
1031 909 1104 954 oau-

143 1000 257 1044 sarnm
279 979 468 1062 abiecimus,
494 979 529 1042 in
551 977 685 1064 Epicuri
711 999 772 1042 nos
798 976 973 1042 adversarii
999 979 1105 1044 nostri

145 1070 256 1132 eastra
278 1068 482 1151 oonieoimus,
503 1087 565 1131 neo
585 1069 696 1130 tamen
718 1065 759 1130 ad
781 1065 867 1130 hano
888 1066 1105 1152 insolentiam,

145 1156 205 1221 sed
233 1155 274 1219 ad
296 1155 386 1221 illam
412 1159 504 1220 tuam
530 1155 704 1239 lautitiam,
731 1157 871 1220 veterem
894 1153 978 1238 dieo,
1005 1177 1105 1239 quum

145 1245 183 1308 in
206 1247 371 1328 sumptum
391 1243 549 1328 habebas,
576 1242 637 1308 etsi
657 1261 837 1327 numquam
858 1243 952 1326 plura
974 1244 1106 1327 praedia

146 1332 300 1398 habuisti.
347 1332 488 1398 Proinde
514 1337 548 1397 te
574 1353 666 1416 para:
698 1353 772 1396 oum
797 1331 929 1396 homine
956 1337 989 1396 et
1016 1333 1140 1397 edacia

145 1421 210 1485 tibi
230 1425 355 1486 resest
378 1425 412 1485 ot
432 1422 488 1506 qni
505 1421 571 1486 ism
590 1421 710 1505 aliquid
727 1421 903 1504 intelligat,
926 1414 1106 1498 ὀψιμαθεῖς

147 1513 258 1574 autem
279 1509 429 1576 homines
447 1510 509 1574 sois
527 1531 625 1594 quam
641 1509 819 1574 insolentes
842 1509 920 1592 sint3
943 1507 1105 1573 dedissen-

134 1599 209 1663 ·‹las
230 1597 292 1662 tibi
315 1601 392 1663 sunt
410 1599 582 1683 sportellae
604 1601 637 1662 et
654 1598 836 1683 artologam
857 1598 917 1663 tui.
950 1601 1017 1662 Nos
1039 1597 1105 1661 iam

148 1687 234 1766 †ex
260 1687 338 1751 artis
365 1691 494 1751 tantum
519 1687 689 1771 habemus,
716 1690 755 1750 ut
776 1685 928 1751 Verrium
953 1689 1046 1750 tnum
1073 1689 1106 1750 et

149 1773 322 1841 camillum
335 1811 377 1822 --
392 1797 457 1859 qua
478 1773 638 1840 munditie
658 1775 821 1858 homines,
843 1795 908 1858 qua
930 1774 1105 1858 elegantia!

149 1899 193 1912 -
216 1885 331 1928 vocare
355 1863 482 1949 saepius
515 1864 703 1945 audeamns3
734 1862 791 1928 sed
821 1862 893 1927 vide
926 1863 1105 1926 audaciam:

148 1952 249 2016 etiam
270 1951 378 2018 Hirtio
401 1973 536 2018 ooenam
558 1952 644 2036 dedi,
672 1952 741 2016 sins
767 1969 894 2038 pavone
920 1952 1043 2032 tamen3
1070 1951 1106 2013 in

148 2061 189 2105 ea
212 2061 312 2106 coena
335 2062 429 2106 ooous
452 2062 542 2112 meus
564 2043 692 2125 praeter
713 2039 764 2104 ius
787 2040 916 2104 fervens
938 2038 1022 2102 nihil
1042 2058 1108 2103 oron

149 2129 259 2214 potuit
278 2129 407 2194 imitari.
455 2128 546 2194 Haeo
572 2129 671 2214 igitur
698 2130 748 2192 est
774 2149 862 2192 nuno
887 2127 955 2191 vita
981 2128 1142 2192 nostrazs

148 2237 246 2282 mane
273 2218 450 2283 salutamus
478 2217 565 2283 domi
593 2221 625 2282 et
647 2217 751 2282 bonos
778 2216 864 2282 viros
890 2216 1024 2300 multos,
1052 2213 1108 2280 sed

148 2306 270 2390 tristes,
292 2307 407 2372 ethos
429 2307 532 2373 laetos
555 2306 707 2391 viatores,
734 2305 789 2390 qui
811 2326 863 2370 me
886 2303 1015 2389 quidem
1035 2325 1107 2388 per·

150 2394 295 2460 officiose
318 2398 352 2459 et
372 2398 577 2480 peramanter
591 2395 777 2479 observant;
798 2393 856 2459 ubi
879 2392 1030 2458 salutatio
1054 2392 1107 2456 de·

148 2482 253 2567 fluxit,
274 2483 390 2549 litteris
413 2506 464 2549 me
487 2485 630 2550 involvo:
658 2487 716 2549 aut
738 2483 842 2548 soribo
866 2485 924 2547 aut
944 2481 1032 2568 leg03
1054 2503 1107 2546 ve·

150 2571 248 2636 niunt
262 2572 369 2657 etiam,
387 2573 442 2657 qui
460 2593 513 2637 ms
531 2572 666 2638 audiant
679 2572 772 2657 quasi
786 2572 917 2637 doctum
933 2571 1107 2655 hominem,

151 2660 228 2743 quia
254 2661 363 2745 paullo
391 2683 464 2726 sum
495 2682 600 2744 quamn
619 2661 683 2745 ipsi
714 2660 851 2745 doctior3
882 2660 958 2725 inde
981 2659 1107 2745 corpori

151 2769 248 2812 omne
270 2751 398 2834 tempus
421 2749 524 2814 datur.
559 2748 704 2814 Patriam
726 2749 811 2814 eluxi
833 2749 899 2813 ism
922 2751 955 2812 ot
976 2749 1106 2834 gravius

150 2839 185 2901 et
211 2837 345 2920 diutius,
372 2859 469 2921 quam
496 2838 563 2902 ulla
589 2841 692 2902 mater
718 2838 850 2903 unicum
880 2835 992 2901 filium.
1044 2835 1107 2902 Sed

150 2945 242 3008 eura,
273 2925 302 2990 si
333 2947 384 2990 me
417 2939 519 3009 amas,
545 2928 583 2990 ut
608 2927 730 3009 valeas,
760 2947 802 2990 ne
829 2945 890 3011 ego
921 2928 954 2990 te
981 2926 1107 2990 iacente

149 3013 238 3078 bona
258 3016 317 3078 tua
334 3015 504 3098 eomedim3
527 3015 627 3079 statui
645 3014 731 3079 enim
747 3014 809 3078 tibi
826 3035 868 3078 ne
887 3016 1020 3100 aegroto
1038 3013 1106 3098 qui·

150 3101 225 3166 dem
247 3123 387 3186 paroers.

222 3317 335 3397 Epeo,
352 3335 374 3382 1.
412 3329 506 3398 offero,
519 3331 610 3400 itaque
623 3331 727 3399 (Man).
764 3330 874 3394 adfer&
891 3329 911 3383 ι’.
929 3327 961 3382 Β.
980 3357 1014 3368 -
1033 3327 1105 3382 atie

150 3403 232 3452 runt:
250 3399 437 3468 nuoofflratl.
474 3418 500 3455 α.
514 3401 616 3456 nooM.
653 3419 680 3456 a.
694 3417 760 3462 nom
769 3401 829 3454 edd.
845 3399 923 3466 vett,
936 3399 968 3454 B.
1004 3404 1028 3453 2.
1047 3399 1105 3454 tam
1233 3431 1236 3434 -

150 3470 301 3538 eoqosocw
319 3471 389 3527 artis
406 3471 491 3540 (W.)?
532 3477 557 3526 3.
577 3504 610 3512 -
630 3472 749 3526 audiant
767 3471 830 3539 (Nl.
848 3470 968 3527 ausim
985 3472 1051 3528 ΜΒ.
