2578 3982
235 223 302 288 594
517 221 555 276 Μ.
574 219 698 274 TULLII
716 218 907 274 CICERONIS

208 385 330 434 somne
343 363 451 453 'genus
470 387 490 430 a
507 365 601 430 nobis
620 364 779 431 cautionis
798 363 1013 428 adhibebitur.
1048 361 1103 428 De
1121 384 1203 449 rego

234 455 455 520 Alexandrino
485 453 609 519 factum
641 456 691 518 est
722 455 854 517 senatus
886 453 1088 536 consultum,
1125 473 1202 516 cum

234 543 440 609 multitudine
473 563 546 606 eum
576 541 686 606 reduci
716 541 931 625 periculosum
966 541 1014 604 rei
1045 539 1202 623 publicae

157 677 159 680 v
235 633 348 697 videri:
370 631 495 715 reliqua
513 651 612 714 quum
632 631 717 694 esset
733 629 769 693 in
787 631 901 692 senatu
922 629 1103 712 contentio,
1116 627 1202 692 Len-

234 721 364 785 tulusne
394 741 437 784 an
468 716 642 802 Pompeius
673 717 852 801 reduceret,
884 716 1030 781 obtinere
1065 738 1202 781 eausam

236 807 393 873 Lentulus
420 806 596 871 videbatur.
641 803 682 870 In
709 826 747 870 ea
773 827 808 869 re
835 826 897 869 nos
920 808 953 868 et
984 803 1097 869 officio
1121 827 1203 891 erga

236 895 410 961 Lentulum
441 893 571 960 mirifice
603 895 637 958 et
663 893 823 958 voluntati
853 891 999 977 Pompeii
1031 895 1201 977 praeclare

237 984 459 1066 satisfecimus,
482 983 538 1046 sed
560 1003 618 1067 per
637 983 868 1046 obtrectatores
883 979 1015 1065 Lentuli
1032 983 1202 1046 calumnia

156 1125 157 1130 1
237 1075 379 1138 extracta
401 1091 449 1136 ree
472 1074 535 1135 est:
558 1069 722 1135 consecuti
745 1073 822 1134 sunt
839 1070 908 1134 dies
927 1069 1121 1154 comitiales,
1144 1093 1203 1154 per

237 1183 318 1245 quos
346 1161 477 1225 senatus
508 1158 622 1223 haberi
652 1178 720 1223 non
751 1160 887 1242 poterat.
937 1157 1021 1233 Quid
1047 1158 1201 1224 futurum

238 1250 281 1314 sit
305 1248 476 1314 latrocinio
507 1247 725 1328 tribunorum,
755 1267 823 1312 non
850 1245 973 1329 divino,
1000 1245 1058 1310 sed
1087 1251 1203 1311 tamen

236 1332 1203 1507 {sttPltmttsttttttPaltttlsslltdt:

237 1513 332 1576 lieres
360 1512 428 1576 eius
455 1511 531 1595 quid
554 1511 701 1595 cupiant,
727 1531 839 1576 omnes
865 1511 990 1584 vident;
1020 1512 1202 1578 creditores

238 1621 313 1664 vero
336 1600 422 1684 regis
444 1601 554 1683 aperte
576 1599 729 1683 pecunias
753 1599 962 1683 suppeditant
984 1603 1103 1664 contra
1118 1601 1202 1665 Len-

238 1689 350 1753 tulum.
397 1685 472 1752 Sine
500 1687 598 1752 dubio
626 1709 677 1752 res
706 1710 725 1752 a
752 1685 890 1752 Lentulo
913 1691 1038 1752 remota
1068 1689 1204 1754 videtur

239 1799 321 1860 esse,
353 1799 426 1842 cum
457 1796 577 1861 magno
609 1797 681 1840 meo
713 1775 837 1859 dolore,
868 1796 1064 1859 quamquam
1096 1780 1203 1842 multa

238 1865 325 1949 feeit,
348 1886 454 1949 quare,
477 1864 505 1928 si
526 1863 577 1928 fas
601 1867 698 1948 esset,
724 1864 793 1928 iure
821 1863 850 1928 ei
878 1884 1065 1929 suscensere
1089 1888 1203 1950 posse·
1272 1915 1273 1920 η

212 1975 320 2018 emus.
365 1953 430 2037 Tu,
461 1953 490 2016 si
515 1951 580 2017 ista
608 1951 777 2037 expedisti,
807 1951 904 2017 velim
931 1974 1028 2036 quam
1056 1955 1205 2038 primum

240 2043 327 2107 bona
350 2044 383 2105 et
405 2044 493 2106 certa
514 2043 705 2125 tempestate
728 2041 924 2106 conscendas
947 2041 988 2104 ad
1006 2059 1128 2125 meque
1151 2067 1205 2108 ve·

238 2130 323 2212 nias,
354 2129 605 2194 innumerabiles
637 2129 722 2193 enim
749 2150 801 2194 res
833 2134 921 2213 sunt,
952 2129 988 2192 in
1015 2130 1139 2213 quibus
1173 2136 1205 2196 te

239 2216 381 2301 quotidie
404 2218 439 2281 in
462 2217 551 2282 omni
573 2237 690 2302 genere
714 2215 898 2282 desiderem.
943 2216 1005 2281 Tui
1026 2221 1205 2306 nostrique

239 2307 357 2372 ualent
401 2323 484 2370 xlm.
507 2304 579 2370 Kal.
602 2303 804 2371 Februarias.

685 2533 745 2602 ΠΙ.

398 2651 456 2708 Ser.
475 2643 580 2708 Rornae
598 2655 670 2724 prid.
689 2655 729 2709 Id.
748 2654 828 2710 Febr.
848 2671 872 2710 a.
892 2673 919 2709 u.
938 2671 960 2710 c.
975 2660 1035 2711 698.

269 2826 274 2838 x
376 2795 522 2852 MARCUS
553 2795 691 2862 QUINTO
714 2795 850 2850 FRATRI
878 2795 1059 2852 SALUTEM.

213 2929 225 2970 1
306 2902 427 2988 Scripsi
454 2904 495 2968 ad
521 2907 554 2969 te
582 2908 678 2968 antea
710 2905 888 2988 superiora,
914 2926 1001 2970 nunc
1029 2927 1206 2994 cognosce,

239 2996 353 3075 postea
376 3012 458 3074 quae
481 2992 548 3055 sint
570 2995 651 3056 aeta.
695 2992 726 3055 A
748 2991 820 3056 Kal.
843 2992 936 3058 Febr.
958 2993 1146 3078 legationes
1169 3000 1205 3062 in

239 3079 317 3144 Idus
343 3078 437 3144 Febr.
463 3079 702 3162 reficiebantur,
732 3101 769 3145 eo
798 3081 848 3145 die
875 3102 927 3145 res
954 3081 1105 3148 confecta
1135 3109 1205 3152 non

240 3171 298 3230 est.
334 3165 374 3230 Α.
397 3166 426 3232 d.
449 3183 507 3231 1111.
530 3165 616 3233 Non.
634 3166 727 3232 Febr.
749 3167 829 3233 Milo
853 3169 957 3253 affuit,
980 3171 1010 3234 ei
1023 3169 1204 3257 Pompeius

240 3253 415 3320 advocatus
437 3255 539 3339 uenit,
562 3255 643 3320 dixit
659 3255 831 3322 Marcellus
854 3278 874 3322 a
895 3279 947 3322 me
968 3263 1122 3345 rogatus;
1145 3263 1204 3329 ho-

266 3549 271 3560 ·
311 3479 362 3550 Ep.
381 3486 406 3546 2,
420 3486 446 3534 4.
482 3479 688 3562 Intempestiui
714 3481 782 3563 (Pel.
802 3487 837 3549 4.,
856 3483 898 3536 od⁴
917 3483 1039 3554 Faerni).
1083 3487 1103 3541 i.
1124 3506 1203 3562 espe-

241 3547 284 3603 dss
304 3557 317 3604 1
337 3550 380 3605 cd.
398 3549 467 3618 Reg.
504 3568 524 3602 a.
542 3550 650 3618 repedet
667 3549 726 3604 Ml.
762 3556 805 3607 sto
821 3554 1007 3622 expeditne,
1026 3555 1087 3628 RI,
1104 3557 1140 3614 B.
