2556 3986
230 221 307 288 Ι570
525 221 562 275 ll.
582 219 707 275 TULLII
724 219 918 276 CICERONIS

239 367 318 433 item
331 366 476 450 fuerunt3
499 385 619 430 nomon
637 370 746 431 cutem
763 365 931 450 publicani
950 367 1139 452 aspernari
1158 390 1224 434 non

239 460 391 541 possunt,
423 454 478 539 qui
505 454 645 538 pendere
671 454 735 537 ipsi
761 453 901 540 vectigal
929 455 1004 520 sine
1032 457 1222 540 publicano

239 565 308 610 non
330 543 510 629 potuerint,
532 542 618 626 quod
641 543 681 607 iis
708 543 886 628 aequaliter
908 541 1003 608 Sulla
1032 545 1221 630 descripse-

239 637 304 716 rst3
326 653 394 698 non
416 652 485 696 osse
509 633 617 696 eutem
638 631 777 696 leniores
794 632 831 695 in
848 632 1017 716 exigendis
1043 635 1218 719 vectigali·

239 721 301 786 bus
319 718 460 786 Graecos
482 741 580 804 quem
601 723 732 785 nostros
753 719 945 804 publicanos
967 720 1047 786 bico
1072 722 1217 808 intelligi

238 812 357 895 potest,
374 808 461 894 quod
476 805 591 874 Caunii
609 829 713 892 nuper
732 828 908 891 omnesque
921 829 961 872 ex
974 810 1114 895 insulis,
1137 833 1216 896 quoe

241 901 336 962 erent
363 920 383 962 u
410 895 500 963 Sulla
521 896 657 962 Rhodiis
689 896 878 980 etbibutee,
908 897 1146 983 confugerunt
1178 900 1214 963 ed

238 989 403 1070 sonetum,
432 985 528 1052 nobis
559 988 597 1050 ut
627 985 736 1069 potius
765 985 905 1070 vectigal
937 1007 1039 1070 quem
1071 987 1213 1054 Rhodiis

240 1075 427 1160 penderent.
478 1073 584 1150 Quare
615 1094 735 1138 nomen
761 1073 926 1158 publicani
953 1095 1066 1158 neque
1102 1077 1130 1140 ii
1165 1077 1211 1140 de

239 1164 320 1230 bent
340 1163 485 1248 horrere,
507 1163 563 1246 qui
586 1183 713 1246 semper
733 1162 907 1247 vectigales
930 1161 1082 1263 fuerunt,
1106 1187 1210 1250 neque

198 1272 548 1425 „timet
561 1251 1209 1426 1233,:l‚¹‘3l⁶;t⁰sltlclc⁰tlt

240 1432 274 1492 et
294 1429 375 1494 illud
396 1428 477 1494 Asis
499 1427 629 1512 cogitet,
651 1427 774 1492 nullam
798 1427 839 1492 cb
862 1449 896 1492 sc
919 1449 1026 1512 neque
1048 1429 1137 1494 belli
1160 1453 1206 1494 ex·

238 1517 324 1580 terni
341 1536 445 1600 neque
463 1516 711 1582 domesticarum
729 1515 960 1581 discordiarum
980 1517 1205 1583 calamitatem

239 1604 403 1668 ofistusem
424 1603 537 1688 fuisse,
564 1604 592 1668 si
617 1604 681 1669 hoo
706 1603 842 1688 imperio
869 1625 936 1669 non
958 1607 1150 1691 tencretur;
1176 1607 1204 1670 id

238 1696 348 1757 eutem
378 1693 549 1777 imperium
582 1714 681 1776 quum
716 1693 848 1758 retineri
884 1693 953 1757 sine
984 1695 1203 1780 vectigalibus

237 1781 448 1847 nullomodo
471 1781 588 1867 possit,
615 1801 718 1865 aequo
741 1781 850 1847 enimc
872 1784 965 1865 purte
994 1782 1113 1866 ulique
1136 1807 1202 1849 suo

237 1891 311 1934 rum
332 1870 497 1935 fmctuum
519 1889 632 1955 paoem
654 1869 716 1935 sibi
738 1870 967 1954 sempiternum
989 1871 1140 1937 redimet
1161 1877 1201 1937 at

197 1952 301 2060 {Jque
325 1959 436 2024 otium.
473 1957 566 2034 Quod
589 1958 617 2022 si
640 1977 742 2042 genus
764 1959 872 2042 ipsum
895 1961 928 2022 et
950 1979 1075 2024 nomen
1101 1961 1201 2046 publi·

239 2046 312 2111 ceni
343 2068 412 2112 non
441 2046 553 2130 iniquo
587 2046 694 2111 animo
726 2047 945 2130 sustinebunt,
975 2050 1142 2130 poterunt
1165 2051 1200 2114 iis

239 2134 373 2200 oonsilio
405 2137 439 2200 et
469 2133 642 2218 prudentio
671 2137 729 2200 tue
760 2135 884 2219 reliquo
919 2135 1021 2199 videri
1056 2138 1199 2204 mitiora:

237 2226 377 2306 possunt
406 2222 442 2289 in
470 2221 675 2307 pactionibus
705 2222 862 2288 faciendis
893 2243 961 2288 nou
992 2223 1106 2308 legem
1136 2249 1199 2311 spe-

238 2314 326 2376 ctare
340 2311 529 2394 censoriam,
537 2309 594 2377 sed
607 2309 716 2394 potius
730 2311 992 2377 commoditatem
1006 2313 1199 2380 conficiendi

237 2399 362 2484 negotii
389 2401 423 2464 et
448 2398 673 2464 liberationem
699 2399 882 2484 molestius,
916 2403 1010 2483 potes
1039 2402 1145 2468 eliam
1166 2409 1197 2468 tu

237 2485 271 2550 id
293 2487 408 2569 fecere,
430 2485 517 2570 quod
539 2490 572 2550 et
593 2486 701 2552 fecisti
723 2488 851 2574 egregie
874 2491 907 2552 et
928 2486 1023 2572 focis,
1051 2494 1092 2555 ut
1118 2513 1197 2557 eom·
1243 2528 1248 2539 ·

237 2593 410 2658 memores,
438 2575 560 2656 quante
586 2575 685 2640 sitin
707 2575 888 2660 publicanis
911 2576 1071 2661 dignitas,
1099 2601 1196 2664 quun·

174 2735 176 2742 y
235 2665 307 2729 tum
333 2683 394 2728 nos
422 2661 470 2726 illi
498 2660 602 2726 ordini
630 2662 817 2747 debeamus,
843 2669 881 2728 ut
906 2668 1031 2730 remoto
1061 2666 1196 2752 impen'o

236 2773 274 2817 oo
296 2751 330 2817 vi
351 2751 523 2836 potestatis
546 2753 580 2815 et
600 2749 737 2816 fascium
759 2753 949 2836 publicanos
972 2773 1046 2817 cum
1067 2753 1196 2822 Graecis
1250 2829 1251 2834 γ

236 2841 344 2924 gretie
375 2843 471 2923 atque
503 2839 695 2904 auotoritute
726 2840 904 2926 coniungas
936 2844 970 2905 et
996 2842 1038 2905 eb
1072 2843 1131 2929 iis,
1161 2846 1195 2910 de
1250 2871 1251 2884 ³

236 2927 354 3010 quibus
377 2928 498 3010 optime
520 2931 557 2992 tu
579 2927 713 2992 meritus
737 2949 770 2992 es
792 2931 827 2992 et
848 2929 904 3013 qui
925 2927 986 2994 tibi
1009 2931 1126 2996 omnic
1149 2934 1194 2998 de

236 3014 325 3097 bont,
346 3012 409 3078 hoc
431 3017 537 3099 petes,
559 3018 597 3080 ut
618 3014 774 3080 facilitate
797 3038 856 3081 suo
878 3038 939 3082 nos
962 3038 1035 3082 eom
1056 3023 1192 3087 necessi·

236 3102 396 3184 tudinem,
423 3123 505 3187 quee
533 3105 583 3168 est
608 3102 704 3168 nobis
727 3125 800 3169 oum
826 3105 1020 3190 publicanis,
1048 3107 1191 3176 obtinere

305 3347 357 3418 Ep.
377 3355 407 3416 1,
426 3355 468 3406 38.
505 3349 568 3406 item
591 3349 706 3415 fuerunt
733 3349 877 3420 (Kayser).
919 3352 1003 3418 itas.
1029 3352 1081 3420 M,
1100 3355 1188 3426 vulgo.

237 3447 269 3457 -
292 3419 420 3485 suerum
446 3435 544 3474 nomen
567 3417 642 3487 (W.).
691 3420 713 3486 f.
740 3419 847 3476 Nom
869 3419 963 3491 vulgo.
991 3452 1028 3462 -
1054 3423 1091 3480 ao
1114 3423 1188 3479 Solle

236 3487 351 3558 (vulgo).
402 3506 421 3543 o
442 3489 514 3559 sylla
535 3487 573 3541 M.
596 3487 627 3541 in
649 3503 754 3544 rasura.
805 3508 823 3545 o
846 3490 927 3546 Sulla
948 3489 978 3546 B.
1007 3523 1041 3532 -
1069 3509 1126 3548 non
1144 3511 1188 3564 po·

234 3560 347 3613 tument
356 3559 465 3629 (leus.)?
502 3563 544 3612 34.
563 3557 654 3612 Simul
668 3563 693 3612 et
706 3559 843 3629 illuddll,
853 3561 958 3631 vulgo).
996 3561 1025 3626 S.
1035 3563 1117 3619 etium
1129 3567 1149 3620 i.
1161 3566 1187 3620 B.
