2676 3984
429 223 690 282 EPISTOLARUM
709 226 742 282 x.
761 233 786 282 e.
807 233 831 282 ι.
1042 228 1106 293 303

149 367 311 453 seiungas,
329 368 444 434 deinde
462 373 495 436 te
514 371 641 436 senatui
659 371 816 455 bonisque
835 373 985 438 omnibus
998 377 1107 440 aucto

148 477 226 540 rem,
244 457 432 543 principem,
450 458 564 524 ducem
581 460 745 561 praebeas,
762 482 822 544 pos
822 464 926 526 tremo
940 465 978 525 ut
994 483 1109 546 pacem

149 565 218 610 esse
246 545 366 612 iudices
393 568 461 612 non
488 547 523 612 in
551 548 648 614 armis
675 549 804 634 positis,
836 549 928 614 sed
918 571 956 614 m
981 549 1107 616 abieoto

149 643 313 700 armorum
344 639 377 701 et
410 636 573 702 servitutis
604 640 702 702 ιιιιιι.
745 636 836 704 Haec
864 639 909 702 ιι
919 642 951 704 et
974 644 1107 723 ageret

149 721 282 806 senties,
309 724 469 790 tumoris
500 745 569 790 non
595 726 692 792 modo
719 729 833 792 consul
860 731 894 792 et
911 728 1109 811 consularis,

149 810 206 874 sed
228 831 367 913 magnus
391 813 488 877 etiam
512 816 624 878 consul
651 818 684 879 et
706 817 898 899 consuleris;
927 816 977 880 siu
1005 817 1106 900 aliter,

147 900 257 964 tum
247 921 282 964 m
309 900 380 965 istis
408 903 615 1005 amplissimis
642 903 828 970 nominibus
855 905 1016 970 honorum
1038 926 1106 970 non

146 989 246 1053 modo
275 988 417 1076 dignitas
444 992 534 1058 nulla
564 984 637 1075 erit,
610 992 726 1056 tsed
757 993 819 1056 erit
850 1015 976 1058 summa
1002 993 1105 1058 defor-

145 1077 255 1142 ιιιιιιι.
299 1069 389 1143 Haec
416 1079 573 1164 impulsus
600 1079 826 1145 benevolentia
854 1083 967 1166 scripsi
996 1083 1105 1166 paullo

146 1166 300 1252 severius,
323 1189 405 1252 quae
425 1168 522 1232 tum
545 1168 737 1254 experiendo
761 1189 800 1233 ea
812 1173 864 1234 ιι
864 1171 947 1253 ione,
969 1191 1051 1254 quae
1073 1175 1106 1235 te

146 1255 250 1340 digna
273 1257 429 1340 estsere
452 1277 521 1322 esse
544 1277 729 1342 cognosces.
771 1257 811 1324 D.
834 1273 911 1320 xm.
933 1255 1006 1323 Kal.
1028 1258 1106 1344 Apr.

584 1451 666 1518 VII.

196 1559 252 1617 Ser.
271 1561 301 1617 iu
320 1561 413 1618 Gallia
431 1559 619 1634 Transalpina
636 1581 731 1620 mense
749 1565 851 1622 Martio
870 1582 895 1620 ι
913 1583 942 1620 u.
960 1583 983 1620 o.
1004 1571 1063 1620 711.
1152 1559 1155 1564 ’

446 1688 612 1746 eunucus
631 1663 809 1746 ciceion.

216 1788 315 1854 Plura
336 1789 397 1854 tibi
420 1789 459 1853 de
482 1791 561 1854 meis
584 1789 727 1854 consiliis
746 1791 918 1856 scriberem
935 1790 1106 1854 ratonem·
1127 1805 1141 1854 1

147 1900 213 1964 que
237 1879 380 1943 omnium
402 1899 510 1942 rerum
532 1877 698 1942 redderem
719 1879 895 1962 verbosius,
916 1899 981 1962 quo
1001 1879 1106 1963 magis

146 1967 311 2032 iudicares
331 1967 441 2032 omnia
462 1988 513 2031 me
536 1966 583 2030 r'ei
610 1966 757 2050 publicae
784 1967 998 2052 praestitisse,
1026 1971 1106 2050 q'uae

147 2059 184 2120 et
205 2059 263 2120 tua
286 2055 509 2120 exhortatione
531 2055 642 2139 excepi
663 2059 697 2120 et
718 2076 791 2120 mee
808 2055 1024 2120 affirmatione
1046 2055 1108 2120 tibi

146 2145 257 2229 recepi
270 2166 395 2210 -non
417 2145 523 2208 miuus
546 2143 633 2208 enim
656 2146 725 2209 ate
744 2144 874 2228 probari
897 2165 994 2227 quam
1017 2143 1108 2228 diligi

148 2255 278 2317 semper
298 2233 406 2312 ¹volui,
438 2254 498 2298 nee
520 2235 553 2296 te
584 2233 689 2318 magis
715 2233 751 2296 in
782 2233 878 2317 eulpa
905 2232 1107 2297 defensorem

147 2322 232 2387 mihi
254 2323 379 2406 paravi,
406 2343 503 2406 quam
530 2321 784 2406 praedicatorem
811 2321 1000 2386 meritorum
1021 2341 1107 2386 meo-

147 2433 224 2476 rum
246 2432 316 2476 esse
338 2411 427 2475 volui
449 2434 505 2494 -3
528 2410 584 2474 sed
606 2409 786 2475 breviorem
807 2432 858 2475 me
878 2410 964 2476 duae
985 2431 1037 2474 res
1059 2408 1106 2474 fa·

149 2501 254 2564 ciunt:
280 2521 359 2584 una,
386 2499 472 2583 quod
499 2499 636 2583 publicis
662 2499 779 2564 litteris
806 2500 916 2564 omnia
944 2521 1016 2564 sum
1037 2519 1107 2582 per·

151 2592 292 2672 secutus,
315 2589 431 2671 altera,
458 2587 544 2672 quod
571 2586 615 2652 M.
637 2587 849 2673 Varisidium,
876 2590 1016 2673 equitem
1043 2587 1106 2652 Ro·

150 2699 296 2761 manum,
325 2677 518 2741 familiarem
550 2698 669 2760 meum,
696 2677 803 2761 ipsum
830 2677 872 2741 ad
903 2682 936 2742 te
967 2677 1106 2741 transire

149 2767 244 2850 iussi,
271 2788 310 2830 ex
333 2787 396 2850 quo
421 2766 530 2830 omnia
557 2786 751 2850 cognoscere
779 2786 899 2849 posses.
943 2763 1020 2830 Non
1042 2778 1143 2829 mee

150 2855 223 2920 dius
254 2854 350 2919 fidius
381 2854 534 2919 mediocri
565 2853 675 2918 dolore
708 2852 884 2938 afficiebar,
921 2875 1020 2938 quum
1052 2853 1107 2918 alii

151 2965 308 3027 occupare
332 2943 570 3045 possessionem
592 2942 697 3007 laudis
716 2942 862 3007 viderent
847 2945 909 3027 tur,
932 2942 988 3007 sed
1006 2961 1107 3025 usque

150 3032 259 3097 mihit
244 3033 430 3117 temperari,
448 3032 524 3096 dum
542 3032 748 3116 perducerem
767 3051 805 3096 eo
823 3053 901 3117 rem,
918 3035 956 3096 ut
973 3030 1108 3130 dignum

151 3121 273 3205 aliquid
305 3125 338 3185 et
370 3121 540 3186 ιοιιιιιιιιιι
571 3143 643 3186 meo
676 3123 709 3185 et
734 3124 842 3186 vestra
868 3113 1107 3203 exspectatione

150 3209 325 3293 efficerem,
348 3210 433 3294 quod
457 3231 560 3294 spero,
583 3211 610 3273 si
632 3231 684 3274 me
705 3209 839 3274 fortuna
857 3230 926 3274 non
947 3207 1106 3291 fefellerit,

150 3321 203 3363 me
227 3302 483 3384 consecuturum,
505 3302 542 3363 ut
559 3298 698 3363 maximo
717 3296 885 3382 praesidio
894 3318 941 3361 ιιι
933 3257 1106 3381 publicae,

150 3409 213 3453 nos
234 3387 335 3452 fuisse
358 3391 391 3452 et
408 3408 495 3453 nunc
514 3388 657 3452 sentiant
673 3386 820 3452 homines
838 3385 924 3449 etin
942 3387 1107 3469 posterum

223 3579 275 3651 Ep.
295 3587 320 3649 ι,
335 3585 359 3634 3.
391 3585 528 3650 portense
545 3584 577 3634 ιιι
589 3596 620 3649 p.
641 3577 698 3648 (ld,
718 3579 820 3648 vulgo).
852 3595 884 3646 p.
904 3577 956 3648 [ut]
972 3593 1003 3646 p.
1021 3577 1052 3632 Β.
