2610 3980
220 191 261 255 88
500 189 537 244 Μ.
558 189 680 244 TULLII
699 188 889 244 CICERONIS

218 337 332 419 fuisse;
358 337 396 399 ut
418 334 505 399 enim
527 334 732 398 Aristarchus
755 332 889 399 Homeri
915 356 1043 399 versum
1065 335 1175 419 negat,

220 445 315 509 quem
328 444 395 488 nou
408 423 534 506 probat,
554 423 599 487 sic
612 425 649 486 tu
663 459 704 468 -
720 421 799 486 libet
816 423 901 486 enirn
915 421 995 487 mihi
1008 423 1108 487 iocari
1120 459 1177 505 -,

220 512 306 597 quod
334 511 488 576 disertum
515 533 582 575 non
614 510 688 594 erit,
717 532 757 574 ne
784 511 908 594 putaris
931 532 1046 575 meum.
1090 510 1175 575 Vale

220 600 310 665 etin
333 621 527 664 censura-
548 599 575 662 si
597 599 662 662 iam
686 620 719 662 es
742 620 869 683 censor,
890 603 928 663 ut
950 621 1042 684 spero
1066 635 1108 646 —
1133 599 1176 663 de

121 727 128 739 ·
219 711 341 772 proavo
365 688 503 753 multum
525 687 668 772 cogitato
691 692 758 751 tuo.

659 877 733 944 XII.

307 992 363 1048 Sor.
384 993 466 1048 Sidae
485 1009 510 1048 a.
529 992 556 1046 d.
576 992 623 1046 III.
642 993 738 1046 Nonas
758 991 876 1047 Sextiles
896 1009 919 1047 a.
939 1011 965 1047 u.
984 1009 1007 1046 c.
1027 999 1086 1046 704.

447 1116 490 1171 M.
511 1114 639 1172 CICERO
658 1115 713 1170 ΑΡ.
732 1114 901 1171 PULCHRO
921 1117 947 1172 S.

187 1230 201 1276 1
287 1213 481 1282 Gratulabor
502 1216 562 1280 tibi
588 1216 677 1299 prius
700 1252 743 1262 —
765 1215 812 1279 ita
844 1215 929 1280 enim
955 1236 1062 1279 rerum
1094 1215 1176 1280 ordo
1294 1205 1295 1210 ἵ

221 1304 366 1390 postulat
387 1341 443 1388 -‚
466 1303 579 1368 deinde
607 1304 648 1368 ad
679 1325 730 1367 me
762 1307 938 1369 convertar.
992 1302 1064 1388 Ego
1096 1325 1177 1368 vcro

221 1392 427 1457 vehementer
450 1393 595 1476 gratulor
622 1392 661 1456 de
683 1390 800 1457 iudicio
823 1390 978 1476 ambitus,
1005 1413 1108 1475 neque
1131 1391 1177 1473 id,

222 1480 309 1564 quod
335 1480 457 1544 nemini
484 1480 616 1545 dubium
639 1480 715 1562 fuit,
743 1480 926 1544 absolutum
952 1501 1021 1544 esse
1044 1485 1090 1563 te,
1117 1479 1176 1544 sed

221 1569 310 1651 illud,
332 1568 431 1652 quod,
459 1590 522 1652 quo
545 1569 658 1633 meIIor
680 1568 774 1653 ciris,
801 1590 864 1651 quo
886 1569 936 1631 vir
959 1567 1087 1652 clarior,
1109 1589 1175 1652 quo

221 1656 337 1721 fortior
360 1657 481 1721 amicus
504 1679 537 1721 es
556 1678 683 1741 quoque
700 1659 794 1740 plura
811 1656 949 1739 virtutis,
971 1655 1177 1735 †industriae

223 1747 413 1809 ornamenta
434 1745 470 1808 in
487 1748 519 1809 te
539 1749 623 1828 sunt,
646 1767 683 1810 eo
703 1744 884 1809 mirandum
907 1747 957 1808 est
972 1744 1086 1828 magia,
1103 1745 1176 1808 nul-

221 1833 287 1896 lam
310 1853 350 1897 ne
373 1833 407 1896 in
430 1833 568 1898 tabellae
591 1833 719 1917 quidem
741 1832 866 1898 latebra
887 1831 986 1896 fuisse
1007 1832 1176 1897 abscondi-

221 1926 289 1985 tam
320 1921 591 2005 malevolentiam,
627 1943 709 2005 quae
740 1925 773 1986 te
807 1921 997 2006 impugnare
1029 1921 1178 1986 auderet:

221 2031 290 2075 non
312 2009 428 2076 horum
450 2014 641 2094 temporum,
663 2032 731 2074 non
753 2008 870 2074 horum
892 2009 1059 2074 hominum
1078 2011 1177 2094 atque
1295 2025 1296 2036 ¹

221 2120 348 2165 mamm
370 2098 550 2184 negotium3
571 2099 654 2163 nihil
675 2099 742 2163 iam
763 2120 834 2162 sum
856 2097 980 2182 pridem
998 2097 1178 2163 admiratus
1295 2105 1296 2142 f

187 2187 334 2274 amagis.
370 2185 419 2252 De
442 2209 492 2252 ma
515 2191 632 2270 autem,
655 2187 779 2272 suscipe
801 2186 977 2270 paullisper
995 2207 1082 2250 meas
1101 2209 1178 2270 par·
1295 2209 1296 2250 1

221 2279 271 2340 tes
299 2279 332 2339 et
358 2297 432 2339 eum
462 2280 494 2338 te
527 2295 595 2339 esse
621 2275 722 2360 finge,
749 2273 804 2358 qui
827 2296 898 2339 sum
921 2295 994 2360 ego:
1026 2274 1053 2338 si
1080 2275 1178 2339 facile

221 2363 395 2445 inveneris,
427 2363 503 2447 quid
535 2362 635 2446 dicas,
670 2363 738 2428 noli
769 2362 935 2447 ignoscere
967 2362 1179 2428 haesitationi

222 2472 320 2514 meae.
355 2449 428 2534 Ego
452 2471 527 2515 vero
549 2451 646 2516 uelim
668 2451 748 2514 mihi
766 2450 952 2534 Tulliaeque
970 2472 1069 2535 meae,
1092 2451 1179 2516 siout

221 2541 258 2602 tu
282 2536 472 2602 amicissime
496 2541 529 2602 et
547 2539 854 2624 suavissimcoptas,
876 2560 1028 2623 prospere
1048 2539 1178 2604 evenire

222 2648 273 2710 ca,
296 2648 377 2710 quae
400 2648 451 2691 me
478 2627 633 2692 insciente
660 2628 748 2692 facta
775 2631 852 2691 sunt
883 2649 903 2690 a
923 2627 1018 2710 meis3
1051 2628 1105 2692 sed
1128 2628 1179 2692 ita

223 2714 387 2799 cecidisse,
413 2718 451 2780 ut
473 2719 646 2800 agerentur
682 2737 720 2781 eo
743 2721 901 2799 tempore,
925 2737 1018 2799 sparo
1041 2716 1178 2781 omnino

223 2824 296 2867 cum
319 2803 427 2887 aliqua
448 2803 601 2868 felicitate
624 2808 658 2868 ct
680 2808 766 2889 opto,
788 2806 1010 2869 verumtamen
1028 2804 1101 2888 plus
1124 2827 1178 2870 me

221 2890 257 2954 in
279 2890 340 2954 hac
368 2912 423 2974 spe
451 2895 508 2956 tua
535 2893 693 2976 sapientia
720 2896 752 2957 et
778 2891 963 2958 humanitas
991 2892 1178 2957 consolatur

223 3001 320 3064 quam
338 2980 563 3063 opportunitas
576 2981 743 3065 temporis:
766 2981 885 3064 itaque,
907 2980 1179 3065 quemadmodum

185 3150 188 3157 Ι
222 3067 389 3152 expediam
425 3067 545 3132 exitum
575 3068 672 3134 huius
702 3069 870 3134 institutae
902 3069 1073 3152 orationis,
1107 3090 1178 3133 non

285 3247 336 3317 Ep.
357 3251 403 3314 12,
423 3253 447 3299 1.
474 3245 594 3311 actutu,
612 3246 799 3308 †iadustrc'oe
818 3245 894 3316 (W.).
924 3262 959 3310 a,
977 3245 1096 3314 lupercii,
1118 3245 1180 3300 ind.

216 3317 281 3384 (W.)
296 3320 346 3372 aut
358 3334 383 3370 v.
398 3321 424 3370 ct
441 3317 499 3370 iad.
516 3315 576 3383 (L).
608 3333 642 3381 a,
660 3317 679 3369 i.
699 3314 758 3369 sina
771 3315 827 3376 †B.
847 3345 880 3355 —
898 3316 995 3385 moute,
1013 3316 1120 3369 nullom
1135 3357 1140 3368 .
1153 3357 1181 3372 ..

215 3389 341 3442 caduca:
359 3403 416 3441 aon
429 3427 435 3440 .
448 3429 453 3440 .
465 3428 472 3440 .
486 3387 637 3455 aequarum
655 3387 726 3440 aiau
745 3385 792 3453 (W
793 3388 819 3455 .).
852 3387 939 3454 mocio
956 3403 984 3439 a.
1057 3386 1180 3441 audaet.

214 3457 444 3525 Noa..‚ae9.!
475 3456 557 3510 Nihil
574 3456 667 3525 vulgo,
701 3463 725 3511 2,
748 3456 826 3522 meis,
844 3457 1019 3511 oedila...
1039 3461 1180 3526 optave-

214 3544 277 3582 ram
296 3528 353 3596 (IL,
371 3527 471 3596 Man),
490 3528 569 3594 mers,
588 3528 741 3582 atico...
762 3533 880 3596 optma.
901 3526 956 3596 (W.
976 3526 1051 3581 olim.
1070 3527 1131 3596 B.)?
