2606 3994
340 226 599 283 EPISTOLARUM
617 227 690 286 xlv.
711 234 805 284 r-12.
983 225 1049 292 491

551 440 591 508 X.

183 553 241 615 Ser.
261 553 405 616 Brundisii
421 553 483 612 VII.
502 555 568 610 Idus
586 552 741 620 Quinctiles
760 570 785 610 s.
802 572 831 610 u.
850 571 874 612 ο.
894 559 954 614 707.

265 677 421 734 TULLIUS
440 677 467 734 Β.
486 677 519 733 D.
538 677 750 736 TERENTIAE
770 677 871 734 SUAE.

158 777 243 854 Quid
269 779 339 843 lieri
366 778 522 862 placeret,
549 778 663 862 scripsi
690 778 731 842 sd
756 777 973 863 Pomponium
1002 798 1050 843 se·

90 867 158 932 rius
173 889 271 952 quem
286 867 444 952 oportuit:
467 888 541 932 cum
560 888 598 933 eo
617 867 644 930 si
662 867 772 932 locuta
789 867 861 951 eris,
878 865 1051 952 intelliges,

90 955 168 1040 quid
190 955 260 1020 fieri
282 955 396 1038 velim3
419 956 561 1040 apertius
585 954 696 1038 scribi,
719 956 872 1040 quoniam
894 955 936 1020 ad
957 954 1051 1019 illum

91 1045 296 1128 scripseram,
323 1065 453 1109 necesse
480 1065 549 1110 non
577 1043 648 1108 fuit.
693 1042 743 1108 De
766 1065 804 1108 ea
826 1065 860 1108 re
883 1045 917 1107 et
938 1041 978 1108 de
1001 1064 1049 1108 ce-

89 1133 168 1196 teris
191 1132 288 1197 rebus
311 1153 409 1216 quam
431 1133 572 1216 primum
594 1132 691 1196 velim
712 1131 807 1197 nobis
830 1131 955 1196 litteras
977 1131 1050 1194 mit·

89 1224 151 1285 tas.
191 1218 418 1287 Valetudinem
440 1225 531 1286 tuam
554 1241 631 1286 cura
654 1219 834 1306 diligenter.
865 1217 957 1286 Vale.
992 1236 1051 1284 vu.

89 1308 168 1375 Idus
192 1307 377 1385 Quinctiles.

540 1482 598 1550 XI.

185 1595 242 1652 Scr.
261 1597 405 1652 Brundisii
422 1597 510 1652 XVII.
529 1595 591 1652 Kal.
611 1596 743 1663 Quinctil.
762 1613 787 1652 a.
807 1615 833 1651 u.
853 1612 876 1652 c.
892 1600 957 1651 Iol.

266 1719 423 1776 TULLIUS
443 1719 470 1776 S.
489 1719 522 1776 D.
543 1720 756 1782 TERENTIAE
774 1719 877 1779 SUAE.

159 1817 191 1885 S.
214 1842 243 1884 v.
265 1821 296 1884 b.
318 1842 344 1884 e.
368 1841 394 1884 e.
416 1842 445 1885 v.
482 1820 591 1885 Tullia
616 1813 730 1886 nostra
753 1820 843 1885 venit
865 1819 906 1884 ad
928 1841 980 1884 me
1002 1839 1050 1904 pr.

90 1908 170 1974 Idus
193 1906 277 1992 Iun.3
300 1908 390 1974 cuius
414 1929 541 1974 summa
562 1909 681 1974 virtute
704 1911 737 1973 et
759 1908 917 1993 singulari
938 1908 1050 1972 huma·

90 1997 196 2062 nitate
227 1997 374 2082 graviore
406 1997 503 2062 etiam
536 2018 607 2062 sum
634 1997 745 2062 dolore
777 1996 910 2061 affectus
936 1998 1051 2061 nostre.

90 2086 215 2150 facturn
243 2106 313 2150 esse
340 2085 553 2172 negligentia,
579 2088 617 2151 ut
642 2085 739 2171 longe
767 2085 831 2154 alia
856 2085 893 2152 in
918 2084 1051 2154 fortuna

92 2176 186 2258 esset,
209 2175 306 2258 atque
329 2175 397 2238 eius
415 2175 520 2258 pietas
539 2195 576 2238 sc
594 2173 737 2259 dignitas
756 2172 953 2258 postulabat.
984 2171 1016 2237 N
1018 2194 1050 2237 c·
1136 2241 1138 2246 ,

92 2263 151 2328 bis·
167 2264 237 2326 erat
258 2262 294 2328 in
320 2263 429 2328 animo
453 2259 639 2328 Ciceronem
662 2262 703 2326 ad
726 2259 896 2328 Gaesarem
923 2261 1050 2326 mittere

92 2353 126 2415 et
149 2371 223 2415 cum
246 2371 284 2416 eo
307 2347 365 2416 On.
384 2349 585 2419 Sallustium:
609 2351 637 2418 si
658 2350 823 2436 profectus
842 2350 911 2434 erit,
932 2349 1051 2414 faciam

91 2443 125 2503 te
157 2439 335 2504 certiorem.
379 2438 609 2506 Valetudinem
640 2441 731 2505 tuam
762 2461 839 2506 cura
871 2437 1051 2524 diligenter.

91 2525 183 2622 Vale.
210 2545 291 2593 xvn.
314 2527 354 2592 K.
377 2527 563 2604 Quinctiles.

530 2721 605 2787 ΧΠ.

188 2833 245 2890 Ser.
265 2831 408 2888 Brundisii
425 2833 497 2905 prid.
516 2833 589 2888 Non.
608 2833 744 2888 Novemb.
764 2849 788 2886 a.
808 2851 834 2886 n.
854 2849 877 2888 c.
898 2838 958 2888 τοῦ.

271 2956 430 3020 TULLIAE
449 2955 662 3016 TERENTIAE
681 2955 775 3015 SUAE
793 2955 822 3014 S.
839 2955 873 3014 Ι).

159 3054 254 3132 Quod
275 3079 337 3122 nes
359 3059 395 3122 in
412 3056 542 3122 ltaliam
559 3057 666 3122 salvos
684 3056 810 3122 venisse
828 3057 959 3143 gaudes,
980 3077 1051 3141 per·

91 3147 191 3230 petuo
219 3147 362 3231 gaudeas
388 3147 497 3229 selim3
525 3145 589 3210 sed
607 3145 788 3230 perturbati
815 3145 925 3212 dolore
951 3145 1051 3209 enimi

91 3233 284 3319 magnisque
306 3234 433 3299 iniuriis
455 3239 564 3299 metuo
587 3255 628 3299 ne
654 3234 688 3298 id
711 3234 837 3300 consilii
864 3234 1053 3318 ceperimus,

92 3323 180 3407 quod
203 3343 272 3389 nen
294 3323 390 3388 facilc
412 3322 571 3407 explicare
598 3324 768 3407 possimus.
814 3320 928 3406 Quare,
951 3343 1051 3407 quan·

163 3495 215 3566 Ep.
237 3503 278 3552 10.
315 3498 410 3564 celim
428 3499 552 3567 apertius
570 3497 645 3568 (W.).
681 3513 706 3552 c.
733 3496 789 3566 Ap.
809 3495 903 3567 vidgo.
940 3494 992 3565 Ep.
1009 3501 1051 3550 11.

90 3582 113 3622 c.
132 3583 153 3622 c.
173 3567 249 3637 (W.).
285 3585 306 3623 e.
325 3569 390 3624 ΜΒ.
