2568 3980
397 223 656 290 sersromann
673 230 721 289 vr.
741 215 800 288 rr
1022 217 1084 298 161

129 375 282 442 fortasse·
299 377 444 462 fuerunt,
480 400 577 462 quam
612 397 743 443 necesse
780 377 859 460 firit3
899 377 968 464 illa,
1005 398 1087 464 quae

129 466 252 531 maiora
274 469 359 550 sunt
382 467 509 530 brevius
529 487 703 550 exponam:
725 487 785 552 ego
803 466 919 552 habeo,
941 467 993 532 cui
1013 469 1087 552 pius

129 575 226 638 quam
247 554 308 618 tibi
331 555 474 638 debeam,
496 555 659 620 neminem
681 591 723 601 -
747 555 864 642 quibus
882 558 1014 620 tantum
1035 557 1086 622 de·

129 641 253 727 betam,
276 646 434 726 quantum
455 646 492 708 tn
514 641 683 730 intelligis,
711 645 766 708 eos¹
788 643 885 709 huius
908 642 990 708 mihi
1011 645 1088 709 belli

129 753 222 797 casus
240 731 359 815 eripuit
374 755 430 814 -3
453 731 508 816 qui
527 732 588 796 sim
606 735 715 798 autem
732 732 795 798 hoc
818 736 972 817 tempora
993 733 1088 800 intel·

128 820 205 905 ligo,
227 819 293 903 sed,
316 822 391 904 quia
409 841 505 886 nemo
524 824 659 886 ostiam
677 820 826 905 afflictus,
849 821 937 906 quin,
960 823 988 886 si
1005 821 1088 887 nihil

130 909 217 973 aliud
241 908 369 973 studeat
391 909 454 992 nisi
476 909 524 994 id,
551 909 638 994 quod
661 909 739 995 agit,
761 910 866 994 possit
887 931 1007 976 narare
1031 911 1088 976 ali·

130 997 268 1081 quidet
298 997 438 1081 efficere,
470 1016 565 1062 omne
597 1019 705 1062 meum
733 998 917 1082 eonsilium,
948 1018 1089 1084 operam,

130 1085 284 1239 studiplnp>
296 1089 395 1170 certe,
421 1086 518 1152 velim
545 1086 708 1151 existimes
735 1086 797 1150 tibi
823 1086 951 1170 tuisque
978 1087 1089 1152 liberis

129 1195 200 1240 esse
245 1173 375 1238 eitum.

585 1367 628 1434 Π.

189 1479 248 1535 Ser.
267 1479 386 1535 Asturae
404 1497 499 1535 mense
517 1479 597 1536 Iunio
617 1481 667 1534 aut
685 1477 820 1546 Quinetili
839 1497 863 1536 a.
883 1499 908 1535 u.
928 1499 951 1536 c.
972 1487 1030 1538 709.
1057 1465 1058 1470 ¹

326 1605 363 1660 M.
384 1603 512 1660 CICERO
532 1604 559 1658 S.
577 1603 611 1658 D.
628 1604 663 1660 A.
683 1603 904 1674 TORQUATO.³

103 1749 106 1756 1
198 1702 279 1769 Peto
302 1726 322 1767 a
343 1707 390 1788 te,
411 1725 453 1768 ne
475 1725 526 1768 me
549 1707 643 1788 putes
667 1704 828 1769 oblivione
849 1705 899 1769 tui
921 1704 1026 1769 rarius
1049 1704 1124 1774 adl

130 1797 164 1859 te
188 1793 341 1876 scribere,
363 1814 462 1876 quam
484 1792 641 1876 solebam,
665 1793 720 1857 red
744 1797 801 1857 aut
823 1793 982 1878 gravitate
1004 1793 1090 1858 vale-

131 1881 270 1966 tudinis,
292 1903 356 1965 qua
378 1884 489 1945 tamen
510 1882 576 1945 iam
597 1881 744 1966 paullum
765 1881 877 1947 videor
898 1882 1011 1965 levari,
1035 1885 1092 1947 aut

132 1970 220 2054 quod
243 1970 347 2034 absim
374 1969 415 2033 ab
443 1969 536 2053 urbe,
557 1973 608 2054 ut,
635 1970 691 2053 qui
718 1969 759 2034 ad
781 1973 815 2034 te
837 1969 1091 2054 proficiscantur,

133 2059 215 2124 scire
237 2079 306 2123 non
327 2059 462 2142 possim3
485 2079 585 2143 quare
602 2057 699 2122 velim
717 2059 764 2122 ita
782 2060 941 2122 statutum
960 2057 1091 2142 habeas,

133 2168 185 2211 me
207 2147 256 2211 tui
278 2146 467 2212 memoriam
489 2169 563 2212 cum
585 2167 712 2211 summa
732 2145 959 2211 benevolentia
980 2149 1091 2210 tenere

133 2239 271 2319 tuasque
298 2255 410 2301 omnes
437 2257 488 2300 ros
515 2256 583 2300 non
610 2234 728 2300 minori
755 2233 836 2298 mihi
868 2254 962 2298 curae
994 2255 1092 2318 quam

133 2345 222 2388 meas
249 2342 327 2388 esse.
373 2321 466 2399 Quod
493 2324 614 2389 maiore
641 2324 677 2387 in
704 2324 860 2388 varietate
887 2325 1015 2387 versata
1043 2325 1126 2386 este

134 2413 241 2478 adhue
261 2416 319 2477 tua
342 2433 452 2496 causa,
479 2433 577 2497 quem
603 2413 752 2478 homines
779 2415 837 2476 aut
858 2411 1013 2477 volebant
1035 2414 1093 2476 aut

134 2501 362 2588 opinabantur,
384 2501 465 2565 mihi
487 2501 589 2586 crede,
611 2522 680 2566 non
702 2504 752 2566 est
773 2521 832 2586 pro
855 2500 948 2564 malis
968 2503 1092 2584 tempo·

133 2611 219 2674 rum,
242 2589 328 2674 quod
351 2589 485 2654 moleste
506 2589 608 2673 feras3
629 2610 760 2654 necesse
782 2591 832 2654 eet
854 2589 941 2653 enim
963 2590 1021 2653 aut
1043 2609 1092 2652 ar-

134 2678 195 2743 mis
218 2678 328 2764 urgeri
349 2699 418 2742 rem
440 2678 605 2761 publicam
622 2678 825 2762 sempiternis
845 2681 902 2741 aut
919 2677 958 2741 iis
977 2677 1092 2761 positis

133 2767 273 2832 recreari
304 2766 478 2850 aliquando
505 2770 563 2831 aut
592 2766 740 2831 funditus
771 2765 915 2830 interire:
948 2766 976 2829 si
1003 2787 1108 2830 arma¹

134 2855 298 2939 valebunt,
320 2875 381 2919 nec
403 2877 472 2938 eos,
496 2877 515 2919 a
538 2854 654 2939 quibus
676 2855 841 2938 reciperis,
870 2855 973 2920 vereri
996 2854 1093 2918 debes

135 2965 195 3008 nec
218 2964 284 3028 eos,
306 2964 387 3029 quos
406 2943 570 3026 adiuvisti3
593 2942 621 3008 si
638 2943 736 3007 armis
755 2946 812 3007 aut
830 2942 1018 3008 condicione
1036 2963 1093 3026 po-

136 3032 206 3096 sitis
230 3035 288 3097 aut
305 3032 536 3117 defetigatione
554 3031 688 3096 abiectis
712 3034 769 3096 aut
786 3031 923 3097 victoria
940 3029 1093 3098 detractis

136 3121 249 3186 civitas
280 3121 499 3206 respiraverit,
530 3123 563 3185 et
594 3119 753 3205 dignitate
784 3121 842 3184 tna
872 3119 938 3184 frui
968 3118 1030 3182 tibi
1061 3118 1094 3180 et

135 3207 276 3274 fortunis
294 3210 417 3293 licebit3
438 3210 489 3274 sin
507 3209 640 3274 omnino
657 3208 841 3274 interierint
859 3207 969 3273 omnia
981 3204 1093 3269 fuerit-

206 3364 259 3436 Ep.
280 3373 303 3433 1,
319 3372 342 3420 7.
379 3366 511 3421 neminem
530 3395 563 3405 —
582 3365 682 3435 quibus
761 3363 865 3432 aspecit
883 3381 932 3428 -;
950 3361 999 3430 qui
1017 3361 1092 3428 (W.).

135 3451 181 3502 rr.‚·
198 3452 223 3504 q.
243 3477 267 3490 ..
286 3437 396 3505 crepuit.
435 3435 491 3506 Qec·
507 3435 602 3505 vulgo.
645 3435 697 3505 Ep.
717 3437 741 3502 2,
757 3440 781 3488 2.
818 3434 855 3488 iis
867 3433 969 3500 positis
988 3431 1094 3499 (Mart.-

138 3505 187 3576 L.).
228 3507 272 3561 hie
285 3523 315 3575 p.
334 3507 398 3562 ΜΒ.
422 3537 458 3547 -
478 3507 605 3561 interire:
626 3507 652 3559 si
670 3505 746 3575 (Ν).
786 3504 906 3557 interire.
943 3501 976 3556 ss·
998 3501 1093 3570 vulgo.

137 3605 173 3617 ·—
190 3578 318 3646 reciperis
336 3576 468 3648 (Egnati
504 3577 634 3646 receperis
652 3575 689 3631 M.
706 3589 707 3594 ¹
725 3574 866 3642 recipieris
883 3571 1007 3640 Kayser,
1026 3571 1058 3624 B.

191 3663 306 3708 Otoerontr
319 3665 382 3715 epist
397 3667 417 3708 1.
849 3665 881 3712 11
