2634 3988
387 221 647 278 EPISTOLARUM
664 223 711 278 XI.
731 231 808 279 7-9.
1009 223 1075 288 353

112 366 286 452 dignitatis
309 369 398 451 tuae,
424 368 622 434 admirabilis
649 367 736 433 enim
763 371 813 432 est
839 368 997 452 quaedam
1025 369 1075 432 tui

113 455 259 524 nominis
283 457 400 522 caritas
427 479 580 541 amorque
606 458 643 521 in
668 460 702 520 te
730 457 902 541 singularis
930 457 1075 521 omnium

116 544 249 626 civium3
270 544 318 609 ita
340 545 427 609 enim
449 549 582 630 sperant
604 548 700 629 atque
718 545 897 629 confidunt,
918 548 956 609 ut
978 549 1075 610 antea

117 653 204 717 rege,
227 633 273 696 sic
294 633 357 698 hoc
379 636 524 718 tempore
546 655 648 720 regno
671 636 703 699 te
725 655 794 698 rem
812 634 975 718 publicam
996 633 1074 698 libe-

117 725 273 785 raturum.
317 721 440 787 Romae
468 722 610 788 delectus
641 722 779 787 habetur
809 725 942 806 totaque
969 721 1109 805 Italian

118 809 147 873 si
170 809 222 872 hic
245 809 387 875 delectus
410 809 621 895 appellandus
639 815 698 894 est,
720 831 820 894 quum
837 812 923 876 ultro
947 831 981 875 se
999 811 1074 876 offe-

117 900 197 961 runt
223 918 347 962 omnes:
374 901 486 964 tantus
514 899 609 965 ardor
636 901 760 964 animos
787 900 956 964 hominum
983 921 1075 964 occu-

117 983 387 1070 pasitsdesiderio
406 987 564 1052 libertatis
583 989 719 1072 odioque
738 987 881 1052 diutinae
903 988 1075 1054 servitutis.

117 1072 170 1138 De
191 1063 322 1160 reliquis
349 1075 445 1141 rebus
472 1099 492 1140 a
513 1077 634 1140 teiam
662 1077 846 1159 exspectare
874 1076 1000 1140 litteras
1023 1076 1075 1140 de-

117 1161 246 1247 bemus,
273 1162 350 1247 quid
376 1165 445 1249 ipse
469 1184 562 1250 agas,
593 1163 670 1248 quid
698 1166 810 1229 noster
831 1162 971 1247 Hirtius,
998 1162 1076 1247 quid

118 1247 239 1316 Caesar
269 1272 372 1336 mens,
404 1274 485 1337 quos
512 1273 607 1337 spero
633 1252 724 1316 brevi
749 1255 895 1336 tempore
922 1249 1076 1317 societate

117 1338 272 1404 victoriae
298 1344 407 1405 tecum
433 1342 600 1426 copulatos
627 1342 706 1406 fore.
750 1340 923 1424 Reliquum
950 1343 1013 1424 est,
1039 1343 1077 1406 ut

117 1425 159 1490 de
186 1449 237 1493 me
264 1428 298 1492 id
325 1429 476 1513 scribam,
508 1429 594 1514 quod
621 1434 654 1494 te
682 1451 720 1495 ex
746 1432 877 1495 tuorum
904 1429 1021 1494 litteris
1044 1432 1077 1494 et

118 1536 213 1598 spero
237 1519 271 1582 et
292 1518 378 1583 malo
401 1539 605 1604 cognoscere,
626 1541 677 1584 me
700 1539 804 1602 neque
822 1518 932 1583 deesse
952 1519 1020 1583 ulla
1041 1518 1077 1582 in

116 1624 154 1668 re
175 1625 280 1690 neque
303 1628 456 1691 umquam
479 1607 664 1673 defuturum
687 1607 840 1692 dignitati
860 1611 946 1672 tuae.

565 1783 623 1847 IX.

199 1883 258 1939 Sor.
277 1885 425 1941 incastris
444 1884 528 1956 Regii
545 1885 594 1940 111.
613 1885 675 1940 Kal.
694 1885 784 1940 Maias
803 1901 828 1940 c.
847 1903 874 1940 u.
892 1901 917 1940 c.
936 1889 997 1940 ¹111.

323 1989 357 2047 D.
376 1989 520 2046 BRUTUS
540 1991 567 2046 S.
585 1989 618 2045 D.
637 1991 674 2044 Μ.
694 1987 873 2044 CICERONI.

185 2077 294 2146 Pansa
321 2082 440 2148 amisso
468 2070 626 2167 quantum
656 2079 840 2146 detrimenti
870 2101 922 2144 res
948 2079 1112 2164 publical

119 2170 288 2255 acceperit,
309 2192 378 2236 non
395 2174 429 2237 te
446 2171 612 2255 praeterit:
635 2191 723 2234 nunc
742 2167 933 2234 auctoritate
953 2172 986 2232 et
1003 2189 1077 2253 pru-

119 2258 231 2323 dentia
248 2261 306 2324 tue
323 2260 502 2345 prospicias
521 2282 540 2325 o
564 2261 657 2343 ortet,
679 2279 721 2322 ne
739 2256 862 2322 inimici
879 2257 984 2322 nostri
1003 2278 1077 2322 con-

120 2346 244 2412 sulibus
264 2348 399 2413 sublatis
419 2283 562 2432 sperend³
568 2369 601 2413 se
620 2345 842 2413 convalescere
856 2365 960 2430 posse.
995 2343 1078 2430 Ego,

118 2456 162 2499 ne
185 2436 360 2501 consistere
387 2437 490 2520 possit
516 2437 553 2500 in
574 2433 670 2501 Italia
692 2435 869 2519 Antonius,
896 2434 984 2520 dabo,
1004 2455 1078 2518 ope·

118 2543 203 2588 rum:
227 2545 342 2608 sequar
365 2545 438 2591 eum
461 2525 645 2607 confestim3
667 2527 839 2608 utrumque
862 2543 913 2587 me
935 2525 1078 2608 praesta·
1191 2520 1195 2530 ’

118 2615 231 2676 turum
252 2635 360 2698 spero,
387 2633 428 2677 ne
452 2613 509 2678 aut
531 2611 703 2678 Ventidius
727 2612 873 2677 elabatur
896 2615 953 2675 aut
974 2609 1079 2678 Anto·

118 2699 194 2764 nius
226 2701 262 2766 in
292 2699 389 2766 Italia
423 2704 575 2766 moretur.
633 2700 674 2766 In
700 2701 812 2785 primis
844 2720 925 2784 rogo
956 2701 1003 2784 te,
1037 2699 1079 2764 ad

118 2787 285 2855 hominem
312 2790 586 2875 ventosissimum‚
608 2787 780 2873 Lepidum,
801 2787 926 2871 mittas,
948 2808 990 2852 ne
1012 2787 1078 2852 bel·

118 2875 189 2940 lum
219 2877 315 2942 nobis
346 2877 566 2964 redintegrare
598 2877 702 2961 possit
733 2875 878 2941 Antonio
912 2875 974 2940 sibi
1003 2897 1078 2941 con·

117 2963 245 3048 iuncto;
267 2987 344 3030 nam
367 2966 406 3031 de
423 2965 570 3032 Pollione
592 2964 708 3030 Asinio
730 2968 810 3050 puto
833 2968 866 3029 te
889 2965 1079 3049 perspicere,

118 3053 196 3136 quid
219 3057 365 3119 tacturus
388 3056 440 3120 sit.
484 3054 607 3119 Multae
630 3056 664 3118 et
684 3053 789 3118 bonae
813 3055 846 3116 et
866 3052 978 3116 firmae
1002 3053 1079 3116 sunt

117 3140 265 3226 legiones
287 3141 402 3228 Lepidi
424 3146 458 3208 et
479 3143 593 3208 Asinii.
637 3139 751 3226 Neque
773 3142 854 3206 haee
876 3140 994 3205 idcirco
1016 3138 1078 3203 tibi
1097 3150 1114 3199 2

118 3229 240 3314 scribe,
272 3231 358 3315 quod
389 3234 423 3295 te
454 3252 521 3296 non
549 3230 661 3295 eadem
688 3229 942 3295 animadvertere
970 3227 1079 3311 sciam,

119 3317 177 3382 sed
204 3319 292 3402 quod
318 3319 398 3383 mihi
424 3319 704 3404 persuasissimum
732 3321 781 3384 est
808 3316 965 3400 Lepidum
992 3318 1078 3380 recte

118 3403 282 3472 facturum
308 3428 500 3492 numquam,
527 3408 555 3472 si
580 3407 666 3473 forte
693 3407 785 3472 vobis
811 3404 846 3469 id
875 3403 999 3469 dehoc
1022 3403 1078 3468 du·

190 3561 242 3631 Ep.
251 3569 276 3631 9,
284 3567 310 3618 2.
328 3562 666 3634 suidamffluodncuffl,
674 3565 703 3618 et
711 3561 861 3632 voluitB.).
883 3563 1077 3631 mummoli,

172 3648 288 3692 ciceronis
302 3652 365 3702 apua
379 3653 399 3694 1.
829 3658 863 3704 23
