2646 3990
239 232 305 298 376
352 235 389 288 Μ.
404 233 527 290 TULLII
541 232 731 291 CICERONIS
745 233 1006 290 EPISTOhAIlUII
1020 236 1067 289 lil.
1083 243 1118 291 29

238 382 314 464 post
335 400 442 445 meum
460 379 608 464 redilum
631 401 728 464 quam
746 379 948 444 familiariter
966 400 1092 445 meeum
1112 380 1203 444 rixe-

238 469 296 546 ris,
318 488 463 552 quaeque
487 489 548 554 ego
571 468 610 532 de
632 471 665 532 ie
688 472 721 532 et
744 469 898 533 senserim
922 472 954 532 ei
976 467 1201 552 praedicarim,

239 577 360 637 omnes,
383 556 439 641 qui
462 557 568 621 solent
589 556 669 620 haee
690 556 954 642 animadvertere,
975 559 1076 622 testes
1099 556 1200 621 habe-

237 667 322 728 mus3
354 645 580 730 gravissimum
610 667 687 710 vero
719 645 872 711 iudicium
903 645 942 710 de
969 667 1042 710 mea
1068 644 1132 709 fide
1166 648 1202 709 et

237 733 421 799 constantia
443 733 562 817 fecisti,
590 755 688 818 quum
705 737 790 818 posi
816 737 954 799 moriem
977 729 1124 799 Caesaris
1149 736 1200 798 to-

236 825 307 887 tum
333 825 367 885 le
394 822 435 886 ad
462 822 637 886 amicitiam
659 843 765 886 meam
788 822 966 906 eontulisii,
994 821 1080 906 quod
1102 824 1201 886 tumn

236 909 390 975 iudicium
407 910 472 975 nisi
489 931 562 975 mea
581 932 706 974 summa
723 910 949 978 benevolentia
972 931 1051 996 erga
1073 913 1106 974 le
1129 931 1201 975 om-

237 999 396 1083 nibusque
427 999 550 1063 meritis
582 998 810 1083 comprobem,
845 999 914 1085 ipre
927 1020 998 1069 eme
1029 998 1201 1064 hominem

201 1098 305 1153 onon
336 1087 467 1171 putabo.
513 1087 576 1171 Tu,
607 1088 653 1152 mi
684 1086 782 1172 Oppi,
814 1087 1019 1152 conservabis
1051 1107 1200 1151 amorem

236 1179 329 1242 tuum
343 1212 385 1222 —
400 1176 461 1240 etsi
483 1196 572 1240 more
595 1177 699 1262 magis
721 1176 784 1241 hoc
807 1176 936 1261 quidem
959 1175 1074 1258 soribo,
1097 1195 1201 1259 quam

237 1286 300 1348 quo
320 1267 355 1328 'ie
379 1263 617 1330 admonendum
639 1269 750 1349 putem
771 1301 813 1311 -
836 1285 970 1348 meaque
994 1263 1104 1328 omnia
1125 1267 1201 1326 tue·

235 1352 324 1417 bere:
352 1373 434 1437 qnae
460 1352 521 1417 tibi
548 1373 589 1417 ne
611 1353 726 1438 ignota
748 1356 871 1436 essent,
893 1352 1004 1417 Issico
1027 1351 1200 1434 mandavi3

236 1461 256 1506 a
277 1462 329 1505 me
353 1444 470 1524 aulem,
493 1462 592 1525 quum
614 1442 758 1525 paullum
782 1441 840 1506 otii
862 1441 951 1506 narii
967 1441 1094 1523 erimus,
1116 1439 1200 1503 ube-

235 1529 335 1595 riores
357 1529 482 1594 Iiileras
509 1533 703 1613 exspectato.
748 1529 800 1595 Da
831 1549 976 1614 operam,
1006 1531 1045 1592 ul
1071 1527 1200 1592 valeas:

234 1617 298 1683 hoo
320 1617 400 1684 mihi
423 1615 548 1704 gratius
570 1617 675 1683 faeere
698 1618 780 1684 nihil
803 1622 905 1702 potes.

305 1843 358 1916 Ep:
376 1849 420 1915 29,
433 1849 459 1900 2.
494 1845 637 1912 lislam
653 1861 695 1916 pr.
714 1859 776 1902 erro
794 1845 870 1914 (W.).
905 1844 932 1900 k.
957 1841 1010 1899 Cr.
1027 1859 1052 1899 o.
1072 1841 1181 1912 vulgo:
