2578 3982
234 205 299 272 598
517 207 554 260 Μ.
573 205 697 260 TULLII
715 205 905 262 CICERONIS

233 355 270 415 ιιι
290 353 327 414 tu
350 350 429 414 mihi
451 351 518 414 fere
541 350 699 416 diffidenti
722 348 943 434 praedicabas:
965 350 1064 434 plena
1089 349 1199 433 digni-

234 439 311 502 tatis
334 443 367 502 et
389 439 526 523 gratiae,
554 460 635 522 quae
659 439 788 522 quidem
809 441 885 522 tua,
908 438 952 502 mi
974 438 1093 521 frater,
1120 459 1197 521 pru-

235 527 353 611 dentia,
366 527 531 611 patientia,
549 527 678 610 virtute,
695 527 824 611 pietate,
838 527 996 590 suavitate
1014 528 1117 592 etiam
1134 527 1197 598 tibi

234 615 377 699 mihique
401 618 477 679 sunt
498 615 657 679 restituta.
701 613 826 679 Domus
853 615 913 679 tibi
940 614 981 679 ad
1008 616 1120 680 luc'um
1144 621 1195 686 Pi·
1276 681 1277 696 ,

236 703 324 768 sonis
348 702 517 767 Liciniana
539 703 698 768 conducta
720 707 783 787 est,
806 703 871 786 sed,
893 706 930 767 ut
952 725 1056 787 spero,
1079 711 1194 788 paucis

235 791 399 856 mensibus
421 796 498 875 post
518 790 559 856 Κ.
582 789 758 866 Quinctiles
784 791 820 855 in
842 794 932 856 tuam
956 793 1195 878 commigrabis.

235 880 339 944 Tuam
368 880 403 943 in
425 877 551 944 Carinis
583 880 696 944 mundi
726 879 926 944 habitatores
948 879 1086 946 ‘Lamiae
1120 907 1195 950 con·

236 969 405 1032 duxerunt.
450 968 481 1031 A
512 970 545 1033 te
577 970 653 1051 post
683 968 773 1032 illam
805 965 989 1034 Olbiensem
1021 969 1196 1053 epistolam
1277 963 1278 996 ³

236 1057 342 1121 nullas
364 1055 489 1120 litteras
513 1055 634 1140 accepi:
662 1056 738 1140 quid
765 1076 844 1140 agas
872 1059 905 1121 et
926 1061 964 1121 ut
984 1059 1018 1120 te
1041 1060 1196 1144 oblectes,

236 1146 326 1297 tlt.
341 1144 660 1298 “udlamlllitl
679 1144 848 1297 libb}
864 1145 1196 1302 sldlfflllhpli

236 1282 353 1403 hiems,
384 1283 494 1385 tamin
523 1283 706 1386 Sardiniam
736 1321 832 1386 istam
864 1254 1093 1407 es’seqoogiies.
1139 1261 1196 1391 ii.
1278 1295 1279 1328 Ξ

236 1409 277 1475 Κ.
300 1407 443 1475 Martias.

683 1602 740 1667 iv.

415 1715 472 1771 Sci.
486 1715 592 1770 Romae
605 1731 700 1770 mense
713 1715 816 1770 Martio
830 1731 854 1770 a.
869 1732 896 1770 ιι.
911 1733 934 1770 c.
949 1723 1009 1772 698.

380 1839 526 1896 MARCUS
549 1839 611 1905 QUI
598 1838 688 1894 INTO
711 1838 847 1892 FRATRI
871 1839 1049 1894 SALUTEM.

214 1963 226 2006 ι
307 1938 430 2006 Sestius
453 1943 565 2005 noster
587 1939 753 2004 absolutus
777 1942 876 2003 esta.
900 1939 928 2002 d.
951 1961 980 2004 v.
1007 1939 1084 2004 Idus
1108 1940 1198 2008 Mar-

239 2029 301 2094 tias
325 2032 366 2112 et,
388 2027 474 2112 qnod
496 2028 702 2092 vehementer
724 2027 873 2092 interfuit
893 2027 1105 2111 reipublicae
1124 2033 1198 2095 nul-

239 2119 305 2182 lam
337 2079 477 2182 videri'
467 2138 503 2181 m
535 2115 691 2180 eiusmodi
723 2137 820 2180 causa
851 2116 1083 2181 dissensionem
1116 2140 1199 2200 esse,

241 2205 389 2271 omnibus
413 2204 581 2270 sententiis
605 2203 734 2268 absolut
719 2206 772 2267 tus
795 2207 851 2267 est.
896 2201 994 2288 Illud,
1025 2204 1151 2288 quodt
1136 2171 1200 2270 tibi
1280 2231 1281 2276 l

241 2316 335 2358 curae
358 2315 453 2378 saepe
476 2314 545 2357 esse
567 2293 800 2374 intellexeram,
827 2313 868 2356 ne
891 2292 942 2355 cui
964 2293 1075 2376 iniquo
1098 2295 1199 2360 relin-

241 2403 412 2466 queremus
438 2380 638 2464 vituperandi
660 2381 776 2462 loeum,
799 2380 853 2463 qui
875 2401 935 2444 nos
953 2381 1101 2464 ingratos
1126 2404 1200 2448 esse

241 2471 373 2552 diceret,
399 2469 463 2533 nisi
489 2469 575 2532 illius
598 2468 840 2551 perversitatem
867 2468 1058 2551 quibusdam
1083 2468 1121 2533 in
1149 2493 1201 2534 re·

241 2559 302 2621 bus
325 2578 422 2641 quam
444 2556 677 2620 humanissime
699 2556 864 2639 ferremus,
888 2557 968 2620 scito
991 2556 1053 2622 hoc
1075 2578 1139 2622 nos
1162 2560 1201 2622 in

242 2667 280 2710 eo
302 2645 419 2710 iudicio
447 2647 636 2710 consecutos
664 2665 746 2727 esse,
777 2646 814 2708 ut
844 2644 988 2709 omnium
1019 2645 1202 2728 gratissimi

241 2735 466 2798 iudicaremur:
498 2754 574 2797 nam
601 2732 813 2796 defendendo
829 2753 957 2797 moroso
988 2731 1114 2798 homini
1146 2756 1203 2798 ou-

242 2823 452 2887 mulatissime
484 2820 698 2886 satisfecimus
730 2822 775 2903 et,
806 2820 840 2883 id
867 2820 953 2904 quod
981 2820 1035 2884 ille
1057 2822 1204 2888 maxime

242 2911 405 2994 cupiebat,
436 2909 620 2992 Vatinium,
652 2931 672 2972 a
703 2930 766 2992 qno
798 2908 906 2991 palam
937 2909 1205 2994 oppugnabatur,

243 2999 401 3063 arbitratu
424 3001 535 3062 nostro
555 2997 751 3062 concidimus
774 2996 823 3060 dis
840 2995 1088 3081 hominibusque
1105 2998 1205 3082 plan-

314 3187 365 3258 up.
385 3194 450 3254 3,.7
477 3187 572 3252 frater,
585 3189 746 3256 prudentia,
762 3187 946 3256 ραιιιιιιιιιι,
960 3187 1053 3258 vulgo
1089 3188 1122 3254 fl,
1138 3196 1206 3258 pat

242 3206 397 3318 Muci),
420 3257 652 3324 Licinianolh..)
697 3258 766 3311 Luc.
784 3257 990 3323 MRI,B.-
954 3207 1123 3326 -gcoqita
1163 3260 1207 3314 D.

246 3329 370 3383 XVK.
390 3328 474 3395 (W.)?
510 3327 562 3380 Ε.
576 3333 642 3394 4,.1
670 3329 805 3383 ιι...ιιΙΙ
824 3329 897 3383 Idus
915 3328 1006 3398 (10
1020 3330 1125 3397 Iena.)‘?
1165 3333 1208 3384 od

242 3399 335 3466 pause
353 3398 425 3452 Idus
447 3397 481 3451 R.
545 3370 666 3452 mitam
689 3397 788 3466 habet,
812 3413 884 3468 quae
908 3401 937 3452 et
959 3359 1006 3452 Π.
1012 3401 1041 3452 ιι
1057 3397 1092 3452 V.
1111 3400 1209 3470 signi·

244 3468 411 3592 {oargm
341 3471 454 3537 potest)
474 3467 506 3522 V.
521 3439 563 3521 ed
578 3466 676 3534 Laud,
692 3467 763 3528 10
783 3498 818 3508 -
835 3485 901 3524 uoco
914 3484 946 3523 ιιι
958 3468 1128 3536 defendendo
1148 3471 1208 3536 (cd.

269 3553 343 3605 ani,
362 3539 411 3607 Ι.)ι
