2644 3988
382 241 641 297 EPISTULARUM
659 241 706 296 XI.
725 247 805 298 3-5.
1005 241 1070 308 349

561 472 619 541 IV.

105 587 169 642 Sor.
184 586 214 641 in
230 585 324 641 Callia
337 587 465 642 citeriore
479 589 598 642 exeunte
611 603 707 642 mense
721 586 876 643 Novembri
889 603 914 642 a.
929 605 956 642 u.
971 603 994 642 o.
1011 593 1069 642 ⁷10.

151 709 185 766 D.
204 709 348 767 BRUTUS
367 711 440 766 IMP.
460 709 533 768 COS.
551 709 668 768 DESIO.
687 709 715 767 S.
733 710 767 767 D.
787 711 830 768 M.
850 709 1030 768 CICERONI.

178 807 214 876 Si
236 810 275 874 de
298 813 356 876 tua
377 811 414 880 in
435 832 486 876 me
509 813 677 878 voluntate
700 812 895 898 dubitarem,
917 811 1028 878 multis
1052 830 1106 880 al

106 902 144 964 te
167 899 274 964 verbis
296 902 449 984 peterem,
471 903 509 964 ut
527 900 719 986 dignitatem
736 923 842 968 meam
860 905 995 986 tuerere,
1015 899 1072 966 sed

108 987 258 1072 profecto
282 991 332 1052 est
352 988 409 1074 ita,
432 991 469 1054 ut
491 989 571 1054 mihi
593 990 749 1074 persuasi,
770 1011 822 1056 me
844 989 906 1056 tibi
926 1011 995 1055 esse
1018 1009 1072 1055 eu·

108 1097 176 1140 rae.
219 1074 414 1162 Progressus
446 1098 519 1142 sum
550 1077 591 1143 ed
621 1077 790 1163 Inalpinos
822 1098 895 1144 oum
922 1077 1073 1165 exercitu,
1180 1129 1182 1134 .

108 1186 180 1230 non
198 1167 267 1230 tam
279 1186 400 1230 nomen
412 1165 657 1250 imperatorium
674 1170 809 1251 captans
827 1188 925 1252 quam
939 1166 1071 1251 cupiens

109 1252 268 1319 militibus
291 1254 477 1320 satisfacere
503 1253 676 1340 firmosque
703 1269 759 1322 eos
786 1254 828 1320 ad
854 1255 991 1321 tuendas
1014 1276 1072 1322 no·

110 1345 197 1406 atras
210 1363 262 1406 res
277 1342 414 1408 efficere:
438 1343 525 1427 quod
541 1343 622 1408 mihi
639 1343 750 1409 videor
768 1348 972 1428 consecutum
994 1365 1073 1410 nam
1090 1361 1107 1412 a

110 1434 146 1494 et
171 1430 399 1496 liberalitatem
425 1434 572 1496 nostram
603 1435 637 1496 et
665 1432 810 1498 animum
836 1436 914 1498 sunt
940 1432 1072 1517 experti.

110 1515 196 1583 Cum
227 1520 372 1584 omnium
402 1519 655 1587 bellieosissimis
686 1520 808 1586 bellum
839 1521 938 1608 gessi3
969 1522 1073 1586 multa

111 1607 246 1672 castella
269 1608 348 1692 cepi,
370 1609 473 1672 multa
495 1610 633 1675 vastavi:
655 1631 725 1676 non
747 1611 817 1675 sine
840 1631 937 1676 eausa
960 1610 1002 1675 ad
1024 1631 1072 1674 se·

109 1697 227 1760 natum
239 1695 365 1762 litteras
378 1697 460 1762 misi.
495 1695 625 1763 Adiuva
637 1719 699 1763 nos
716 1702 774 1762 tua
787 1699 963 1782 sententia;
985 1698 1072 1784 quod

111 1784 351 1886 quumfaoies,
379 1806 417 1850 ex
444 1805 564 1871 magna
592 1789 685 1870 parte
712 1787 876 1852 eommuni
902 1785 1071 1854 eommodo

109 1893 305 1940 rnseruena

573 2048 614 2116 V.

186 2160 242 2216 Sor.
266 2162 372 2218 Romae
394 2161 488 2218 medio
510 2179 605 2218 mense
627 2161 776 2218 Decembri
797 2179 823 2217 a.
846 2181 874 2217 ιι.
897 2179 920 2217 o.
940 2169 1000 2218 710.

221 2283 258 2339 n.
274 2283 403 2340 CICERO
419 2285 445 2341 S.
456 2283 489 2340 D.
499 2285 532 2341 D.
543 2285 666 2342 BRUTO
680 2285 754 2342 IMP.
765 2284 964 2342 cononem.

181 2381 292 2468 Lupus
305 2386 474 2450 familiaris
488 2389 600 2452 noster
613 2409 713 2472 quum
726 2408 746 2451 a
758 2389 792 2452 te
805 2387 947 2452 venisset
960 2407 1073 2472 quum·
1093 2397 1106 2446 1

113 2493 176 2557 que
199 2471 322 2539 Romae
345 2475 503 2560 quosdam
525 2475 592 2540 dies
616 2479 878 2561 commoraretur,
899 2495 961 2561 ego
984 2496 1073 2540 eram

112 2561 211 2626 iniis
234 2562 327 2648 locis,
355 2563 391 2628 in
414 2563 531 2648 quibus
553 2565 690 2628 maxime
716 2567 789 2630 tuto
816 2586 868 2630 me
896 2585 966 2630 esse
988 2564 1072 2629 arbi-

113 2649 237 2714 trabar:
270 2672 308 2716 eo
339 2650 549 2736 factumest,
579 2655 617 2718 ut
644 2651 685 2716 ad
710 2656 744 2716 te
767 2653 878 2737 Lupus
900 2653 970 2718 sine
992 2654 1073 2718 meis

112 2738 231 2803 litteris
248 2739 376 2824 rediret,
394 2761 494 2825 quum
511 2743 623 2806 tamen
637 2744 782 2806 curasset
794 2744 868 2807 tuas
882 2740 923 2805 ad
937 2763 988 2806 me
1002 2763 1072 2825 per·
1150 2799 1159 2812 .

112 2827 272 2892 ferendas.
317 2827 457 2893 Romam
483 2831 592 2894 autem
618 2829 694 2894 veni
723 2851 751 2894 a.
774 2829 804 2893 d.
826 2851 855 2894 v.
882 2828 960 2894 Idus
987 2829 1073 2914 Deo,

113 2936 174 2980 nee
200 2915 301 2980 habui
328 2916 504 3000 quidquam
530 2917 708 3002 antiquius,
740 2938 837 3002 quam
867 2921 906 2982 ut
931 2916 1073 2984 Pansam

114 3003 225 3068 statim
247 3005 461 3089 convenirem,
483 3027 523 3070 ex
545 3027 609 3090 quo
633 3027 671 3070 ea
693 3006 789 3070 dete
811 3007 964 3092 eognovi,
991 3028 1072 3092 quae

113 3091 251 3157 maxime
274 3097 431 3177 optaram.
468 3093 573 3170 Quare
590 3093 776 3160 hortatione
798 3097 836 3160 tu
853 3095 983 3180 quidem
1005 3116 1073 3159 non

114 3200 198 3266 eges,
222 3181 250 3246 si
271 3202 314 3247 ne
335 3182 371 3246 in
393 3183 450 3246 illa
473 3183 603 3266 quidem
623 3205 672 3268 re,
701 3205 783 3269 quae
811 3206 831 3247 a
852 3187 886 3248 te
909 3186 1001 3270 gesta
1024 3186 1074 3246 est

112 3271 189 3353 post
209 3268 380 3335 hominum
397 3272 585 3336 memoriam
603 3272 751 3356 maxima,
772 3271 973 3338 hortatorem
992 3270 1072 3336 desi-

114 3357 247 3438 derasti3
268 3359 351 3423 illud
372 3362 483 3424 tamen
504 3359 645 3426 breviter
668 3359 917 3447 significandum
936 3359 1107 3443 videtum

184 3513 236 3584 Ep.
255 3519 279 3582 6,
296 3521 319 3570 1.
357 3521 483 3584 optaram
502 3516 578 3584 (Ν),
614 3517 740 3572 enatum
756 3515 793 3570 M.
830 3516 959 3586 optutum
976 3517 1070 3587 vulgo.

112 3591 136 3640 2.
166 3585 249 3639 desid.
256 3605 267 3651 ,·
284 3586 356 3642 illua
375 3587 450 3658 (Ν).
487 3587 513 3642 d.
533 3587 614 3643 Illud
632 3588 727 3658 vulgo.
