2676 3984
382 273 384 277 .
429 219 686 291 mrsrournun
705 221 738 276 x.
759 226 870 276 11—12.
1063 221 1126 284 311

167 389 222 432 me
246 366 404 434 dedomo
428 365 606 448 deduceret,
628 364 690 430 feci
719 365 872 430 continuo
896 386 1007 430 omnes
1029 367 1128 448 parti·

166 457 258 540 cipes
285 475 375 522 meae
403 453 588 538 voluptatis.
637 452 772 518 Interim
800 453 840 518 ad
866 475 918 517 me
947 453 1035 518 venit
1057 453 1128 518 Mu·

167 545 280 610 nutius
303 546 423 628 noster,
445 546 482 607 ut
504 546 688 608 consuerat:
711 546 745 606 at
769 563 829 628 ego
852 541 882 606 ei
899 542 1023 610 litteras
1045 547 1128 627 tuas,

167 631 331 698 nihildum
355 633 441 699 enirn
465 631 598 714 sciebat3
627 653 703 696 narn
718 631 771 694 ad
794 653 845 694 me
872 631 1012 714 primum
1034 629 1127 696 Vari-

170 721 286 805 sidius,
321 719 416 805 idque
452 720 514 787 sibi
550 741 570 783 a
600 723 633 784 te
665 719 854 784 mandatum
889 741 957 784 esse
994 719 1128 790 dicebat.

168 809 285 874 Paullo
309 813 384 894 post
405 806 493 876 idem
513 808 592 874 mihi
610 807 777 878 Munatius
801 829 854 872 eas
877 807 1001 872 litteras
1020 809 1129 892 legen-

168 899 230 964 das
255 895 351 982 dedit,
375 919 454 982 quas
477 897 540 982 ipsi
563 897 709 982 miserae,
737 900 769 960 et
797 917 861 980 eae,
890 918 969 980 quas
992 896 1128 980 publice.

167 985 298 1050 Placuit
319 986 424 1070 nobis,
445 985 610 1050 utstatim
629 984 670 1049 ad
685 983 735 1054 M.
750 982 935 1056 Cornutum¹
947 988 1128 1068 praetorem
1147 998 1163 1046 3

167 1075 332 1142 urbanum
349 1073 475 1138 litteras
494 1074 699 1156 deferremus,
721 1073 785 1156 qui,
805 1073 890 1156 quod
909 1074 1055 1137 consules
1075 1074 1128 1136 ab·
1156 1145 1159 1150 ,

169 1167 278 1246 erant,
305 1164 473 1229 consulere
500 1184 617 1226 munus
641 1160 821 1232 sustinebat
843 1183 932 1234 more
958 1161 1128 1236 maiorum:

168 1256 304 1318 senatus
332 1255 381 1318 est
408 1251 563 1316 continuo
582 1247 785 1316 'convocatus
812 1249 1026 1334 frequensque
1054 1271 1130 1318 con*

168 1340 261 1404 venit
283 1343 416 1424 propter
438 1339 559 1404 famem
582 1342 678 1424 atque
706 1338 978 1422 exspectationem
1000 1341 1130 1408 tuarum

167 1428 362 1496 litterarum,
397 1427 553 1495 Recitatis
576 1427 693 1494 litteris
717 1427 827 1492 oblata
847 1426 960 1511 religio
985 1423 1128 1498 Cornuto

168 1519 223 1581 est
243 1517 454 1603 pullariorum
477 1514 653 1600 admonitu,
675 1537 742 1581 non
766 1516 844 1580 satis
863 1515 1034 1600 diligenter
1056 1537 1129 1580 eum

168 1605 323 1690 auspiciis
354 1627 485 1690 operam
516 1603 653 1688 dedisse,
685 1604 780 1688 idque
809 1607 961 1671 anostro
993 1603 1128 1690 collegio

168 1694 420 1778 comprobatum,
437 1696 499 1776 est3
521 1691 629 1778 itaque
647 1715 698 1757 res
717 1693 817 1756 dilata
835 1697 884 1756 est
902 1692 937 1756 in
954 1695 1129 1776 posterum.

169 1779 223 1847 Eo
247 1786 355 1846 autem
378 1781 427 1845 die
451 1796 570 1866 magna
592 1781 672 1845 mihi
698 1803 757 1864 pro
784 1784 842 1844 tua
869 1781 1026 1865 dignitate
1055 1802 1129 1849 con·

169 1871 276 1936 tentio
300 1891 374 1936 cum
396 1868 546 1954 Servilio,
573 1870 628 1953 qui
651 1890 751 1952 quum
773 1869 879 1953 gratia
901 1869 1071 1952 effecisset,
1093 1873 1130 1933 ut

168 1980 234 2023 sua
256 1959 416 2023 sententia
442 1959 548 2041 prima
573 1957 850 2041 pronuntiaretur,
876 1956 1028 2040 frequens
1057 1978 1130 2021 eum

172 2051 305 2112 senatus
328 2047 458 2131 reliquit
481 2049 513 2110 et
534 2046 570 2109 in
593 2046 656 2110 alia
674 2045 783 2109 omnia
801 2044 955 2128 discessit,
977 2066 1129 2128 meaeque

169 2135 367 2219 sentcntiae,
398 2156 481 2219 quae
509 2132 649 2198 secunda
679 2133 890 2216 pronuntiata
917 2137 998 2216 erat,
1031 2155 1130 2217 quum

168 2223 358 2308 frequenter
386 2223 596 2288 assentiretur
623 2225 766 2306 conatae,
797 2225 914 2306 rogatu
942 2219 1067 2285 Servilii
1094 2219 1129 2286 P.

170 2311 280 2376 Titius
307 2311 500 2376 intercessit:
531 2333 582 2377 res
614 2311 649 2374 in
680 2314 846 2394 posterum
873 2309 981 2376 dilata.
1030 2308 1165 2374 Venite

169 2403 306 2486 paratus
330 2397 491 2484 Servilius,
514 2397 584 2466 lovi
605 2398 667 2484 ipsi
686 2399 825 2483 iniquus,
848 2398 937 2462 cuius
955 2398 1129 2487 intemplo

171 2510 226 2554 res
250 2488 414 2574 agebatur.
449 2487 546 2556 Hunc
569 2487 837 2572 quemadmodum
858 2487 1012 2572 fregerim
1030 2509 1130 2572 quan-

159 2581 271 2661 taque
301 2577 507 2646 contentione
536 2575 657 2642 Titium
679 2577 923 2643 intercessorem
952 2575 1130 2650 obiecerim,

171 2687 214 2730 ex
238 2665 374 2740 aliorum
397 2666 429 2729 te
452 2665 567 2734 litteris
590 2667 676 2729 malo
704 2686 911 2749 cognoscar-m
940 2686 1042 2731 unum
1068 2665 1130 2729 hoc

172 2775 215 2818 ex
236 2755 329 2818 meis:
354 2754 484 2823 senatus
508 2753 649 2838 gravior,
672 2753 888 2836 constantior,
911 2753 1043 2818 amicior
1065 2753 1129 2822 tuis

170 2841 323 2907 laudibus
347 2863 415 2906 esse
439 2863 506 2906 non
528 2841 643 2927 potuit,
666 2863 763 2926 quam
785 2845 855 2904 tum
877 2840 949 2924 fuit,
971 2862 1031 2905 nec
1053 2862 1129 2910 vero

168 2929 235 2994 tibi
249 2934 380 2997 senatus
394 2930 526 2996 amicior
544 2952 641 3013 quarn
660 2933 776 2999 cuncta
794 2929 919 3013 civitas5
942 2929 1130 3010 mirabiliter

173 3018 262 3082 enim
287 3019 426 3104 populus
453 3017 618 3084 Romanus
651 3019 818 3082 universus
846 3020 879 3081 et
906 3018 1050 3082 omnium
1076 3037 1129 3102 ge·

170 3128 289 3170 nerum
316 3105 527 3190 ordinumque
555 3128 730 3171 consensus
759 3105 800 3170 ad
830 3105 1032 3170 liberandam
1062 3125 1130 3168 rem

171 3195 337 3278 publicam
365 3195 570 3280 conspiravit.
619 3194 721 3280 Perge
752 3193 865 3278 igitur,
895 3196 933 3258 ut
960 3193 1044 3276 agis,
1073 3211 1165 3260 not

244 3421 296 3492 Ep.
317 3427 358 3489 12,
374 3428 401 3475 2,
435 3437 475 3476 me
497 3422 575 3476 domo
603 3419 720 3490 (Crat.)?
753 3450 786 3459 -
819 3421 975 3472 consereret:
1003 3417 1058 3488 [at]
1083 3433 1130 3486 epo

170 3491 260 3618 Ἠ
279 3524 324 3617 ᾗ
340 3493 489 3634 svtqqrggpabi
506 3492 543 3546 M.
568 3491 653 3562 (W.)?
702 3495 726 3544 ³.
755 3490 793 3544 ud
813 3489 856 3543 M.
881 3487 1031 3542 cercurum
1054 3487 1130 3559 (W.).
