2578 3982
244 207 503 264 EPISTOLARUM
526 208 575 262 Ab
595 209 625 274 Q.
644 209 822 264 FRATREM
840 211 887 264 ΙΙΙ.
907 217 931 266 3.
1000 210 1063 276 631

108 355 295 419 consulares
319 355 472 437 quattuor
494 375 605 418 omnes
628 354 687 418 rei:
715 375 830 419 causae
853 359 930 420 sunt
953 355 1064 420 diffici-

107 444 165 526 les,
185 443 240 506 sed
260 441 426 521 enitemur,
446 444 483 507 ut
496 441 636 506 Messala
653 445 764 507 noster
783 443 890 508 salvus
909 444 960 528 sit,
979 444 1065 529 quod

108 535 160 594 est
183 530 280 594 etiam
304 550 376 594 cum
398 530 594 613 reliquorum
617 530 720 595 salute
744 531 959 596 coniunctum.
1004 529 1065 596 Ge-

109 619 235 682 binium
257 617 296 682 de
320 617 442 682 ambitu
464 639 556 682 reum
577 618 655 682 fecit
675 617 712 682 P.
733 617 822 684 Sulla
845 619 1065 685 subscribente

110 707 261 792 privigno
275 704 437 790 Memmio,
454 705 554 771 fratre
569 704 717 790 CaeciliO,
740 705 830 772 Sulla
849 708 930 790 fi1i03
953 713 1066 773 contra

112 795 192 859 dixit
215 793 250 860 L.
273 794 455 878 Torquatus
483 795 695 879 omnibusque
718 795 893 861 libentibus
920 818 988 860 non
1011 796 1065 861 ob·

109 883 216 948 tinuit.
263 881 410 957 Quaeris:
432 882 527 967 „quid
550 883 607 947 fiet
629 882 667 948 de
691 881 873 949 Gabinio?“
923 882 1093 951 Sciemusa

109 971 149 1034 de
180 969 348 1036 maiestate
375 970 496 1036 triduo:
529 993 592 1054 quo
624 972 754 1056 quidem
780 973 815 1036 iu
841 971 958 1038 iudicio
992 973 1066 1038 odio

109 1059 268 1144 premitur
291 1057 434 1124 omnium
457 1079 621 1144 generum,
643 1061 780 1126 maxime
802 1061 940 1125 testibus
964 1061 1066 1126 caedi·

109 1151 173 1230 tur,
196 1147 435 1212 accusatoribus
453 1147 668 1232 frigidissimis
687 1149 803 1231 utitur3
826 1149 995 1214 consilium
1013 1171 1066 1214 va·

110 1235 209 1318 rium,
236 1236 399 1320 quaesitor
426 1236 534 1320 gravis
561 1240 595 1300 et
615 1237 726 1302 firmus
749 1236 867 1320 Alfius,
895 1237 1067 1322 Pompeius

110 1323 284 1388 vehemens
306 1323 522 1390 iniudicibus
544 1325 718 1411 rogandis·
743 1323 826 1401 Quid
848 1325 993 1390 futurum
1017 1325 1068 1410 sit,

110 1412 231 1494 nescim
254 1413 361 1478 locum
379 1416 489 1477 tamen
505 1413 554 1477 illi
571 1415 608 1478 in
621 1403 750 1479 civitite
764 1435 832 1486 nun
851 1414 952 1479 video.
988 1413 1067 1478 Ani-

110 1521 200 1564 mum
226 1501 365 1584 praebeo
393 1500 434 1586 ad
461 1501 547 1566 illius
578 1503 752 1585 perniciem
780 1501 995 1587 moderatum,
1027 1503 1068 1566 ad

110 1609 218 1654 rerum
241 1593 391 1654 eventum
413 1589 621 1655 lenissimum.
665 1589 775 1656 Hebes
802 1593 869 1656 fere
897 1591 936 1656 de
966 1591 1095 1656 omni-r

109 1676 172 1739 bus
197 1678 306 1759 rebus3
329 1698 430 1741 unum
451 1677 531 1742 illud
555 1678 683 1744 addam:
713 1677 824 1743 Cicero
846 1683 922 1744 tuus
943 1682 1068 1744 noster-

112 1783 175 1845 que
200 1784 324 1828 summo
344 1763 450 1828 studio
470 1767 518 1828 est
531 1765 664 1830 Paeonii
683 1767 733 1831 sui
749 1767 897 1849 rhetoris
919 1767 1069 1850 hominis,

113 1850 239 1934 opinor,
261 1850 355 1915 valde
377 1853 543 1916 exercitati
565 1856 599 1916 et
620 1853 712 1935 boni3
735 1853 790 1918 sed
808 1857 956 1919 nostrum
978 1855 1068 1920 insti·

110 1937 226 2002 tuendi
248 1959 351 2024 genus
379 1960 448 2004 esse
476 1941 584 2024 paullo
608 1941 762 2006 eruditius
790 1945 822 2006 et
848 1938 1069 2027 θετικιότερον

12 2065 13 2070 1
111 2048 181 2091 non
209 2027 354 2112 ignoras:
387 2049 485 2112 quare
512 2049 615 2112 neque
642 2050 708 2114 ego¹
730 2030 878 2114 impediri
906 2028 1069 2096 Ciceronis

110 2115 174 2178 iter
198 2117 294 2198 atque
316 2115 405 2179 illam
429 2116 630 2200 disciplinam
652 2118 726 2182 volo
754 2121 787 2182 et
809 2119 878 2202 ipse
900 2119 980 2202 puir
1002 2141 1068 2183 ma-

113 2203 164 2286 gis
187 2203 242 2268 illo
266 2202 495 2268 declamatorio
518 2225 634 2290 genere
659 2205 732 2270 duci
755 2210 787 2270 et
809 2206 962 2271 delectari
983 2207 1069 2272 vide·

111 2295 180 2373 tur,
206 2291 242 2355 in
271 2313 334 2375 quo
348 2289 511 2376 'quoniam
533 2293 596 2376 ipsi
619 2315 745 2378 quoque
767 2294 902 2378 fuimus,
928 2296 1070 2379 patimur

111 2378 204 2442 illum
226 2379 272 2444 ire
296 2380 416 2445 nostris
439 2381 608 2446 itineribus
630 2418 672 2430 -
697 2381 809 2448 eodem
832 2383 918 2448 enim
936 2403 1068 2466 perven-

110 2469 221 2532 turum
244 2489 312 2532 esse
336 2468 526 2535 confidimus
550 2507 608 2554 -‚
632 2471 686 2534 sed
709 2474 828 2556 tamen,
851 2471 879 2536 si
900 2471 1069 2536 nobiscum

112 2575 187 2618 eum
210 2577 265 2620 rus
288 2556 396 2640 aliquo
419 2557 630 2643 eduxerim,
652 2558 687 2623 in
705 2559 790 2624 hanc
808 2563 954 2624 nostram
971 2560 1069 2625 ratio·

113 2663 189 2706 nem
209 2645 535 2730 consuetudinemque
549 2646 751 2729 inducemus3
773 2667 893 2732 magna
912 2647 998 2711 enim
1012 2669 1069 2712 no·

111 2729 163 2794 bis
188 2753 206 2794 a
228 2735 261 2796 te
287 2735 454 2818 proposita
481 2755 602 2798 merces
630 2738 692 2816 est,
719 2756 816 2817 quam
843 2737 928 2798 certe
956 2739 1069 2799 nostra

112 2819 208 2902 eulpa
230 2842 406 2904 numquam
431 2821 537 2885 minus
561 2843 776 2906 assequemur.
821 2821 944 2898 Quibus
966 2823 1001 2888 in
1023 2823 1069 2888 lo·

112 2906 159 2971 cis
187 2909 219 2971 et
246 2928 310 2991 qua
338 2931 394 2992 spe
420 2908 621 2974 hiematurus
649 2909 706 2995 sis,
733 2909 773 2974 ad
801 2932 852 2975 me
880 2931 977 2994 quam
999 2911 1080 2976 ditis

111 2995 300 3080 gentissimc
324 2996 445 3060 scribas
468 2997 572 3062 velim.

134 3257 139 3269 Ι
185 3183 278 3268 Eub,
292 3192 317 3240 2.
345 3192 476 3271 quattuor
489 3203 579 3271 qmues
594 3189 688 3258 (Sub).
720 3205 754 3260 q„
768 3204 791 3244 o.
806 3190 900 3260 vulgo.
937 3195 962 3244 3.
983 3189 1069 3258 Quae·

109 3256 271 3382 scitu
288 3257 334 3382 ⁶1?
351 3257 837 3399 {irrisisti-us
850 3276 885 3371 r:
898 3259 1069 3385 tuitii

109 3413 164 3466 quo
183 3345 368 3467 ...gortimer
387 3441 393 3453 .
409 3443 415 3454 .
432 3443 437 3456 .
457 3401 603 3455 itineribus
620 3397 655 3440 -'-
679 3401 768 3455 eodem
787 3443 792 3455 .
809 3442 837 3455 ..
857 3402 928 3467 cons.
948 3370 1072 3468 —,’sed

111 3466 188 3536 (W.).
224 3485 265 3535 v.,·
282 3469 315 3525 io
329 3511 335 3524 .
347 3509 353 3524 .
365 3508 372 3524 .
382 3472 528 3540 potiamur
546 3472 597 3538 (sic
610 3470 704 3536 MRI.‚
719 3471 824 3540 vulgo).
845 3513 888 3528 ...
906 3473 937 3525 it.
942 3491 953 3536 ,·
970 3487 991 3526 o.
1009 3513 1031 3527 ..
1046 3487 1068 3526 c.

110 3535 166 3592 Seu
184 3535 277 3610 vulgo.
