2644 3988
253 229 319 294 380
536 229 573 283 n
592 227 716 283 TULLII
733 226 924 283 CICERONIS

253 397 311 441 vos
333 373 424 439 brevi
445 377 591 458 tempore
612 373 664 438 ins
687 394 781 438 snum
802 371 1002 457 reciperabit
1046 370 1123 458 Ego
1145 373 1213 438 tuis

253 484 357 548 neque
379 463 492 528 desum
514 482 619 546 neque
641 462 750 526 deero:
772 461 829 545 qui
851 461 917 526 sivo
939 460 981 526 ed
998 482 1050 526 me
1068 460 1214 527 referent

252 554 316 620 sioc
336 572 401 618 noo
417 551 556 632 referent,
579 572 651 616 mea
667 550 729 614 tibi
745 554 857 616 tamen
873 549 1101 616 benevolentis
1118 549 1213 616 fides-

254 663 316 727 qne
338 640 565 727 praestabitur.
608 638 701 705 VnIe.
1134 667 1137 674 ·

698 885 757 952 III.

344 1009 402 1065 Ser.
420 1009 526 1066 Romae
543 1009 659 1065 incunte
676 1023 771 1062 mense
790 1005 905 1062 Octobri
922 1023 947 1062 s
965 1025 993 1062 o.
1010 1023 1035 1062 c.
1056 1013 1117 1062 ⁷10.

547 1149 678 1206 CICERO
697 1148 822 1206 CASSIO
841 1147 916 1210 SAL.

221 1263 235 1310 1
321 1259 432 1347 Auget
452 1264 529 1326 tuns
547 1260 669 1325 amiens
686 1258 830 1324 furorem
851 1258 887 1323 in
909 1257 990 1323 dies:
1012 1260 1155 1344 primum
1177 1262 1213 1325 iu

255 1353 377 1434 statue,
404 1371 501 1434 quom
523 1348 634 1434 posuit
654 1348 690 1414 in
716 1347 844 1428 rostris,
870 1347 1037 1432 inscripsit
1061 1367 1213 1416 Possum

255 1456 383 1504 orrnffl
400 1454 540 1520 nunno,
561 1440 684 1503 utnon
701 1436 798 1503 modo
817 1435 932 1519 sicorii,
954 1435 1010 1500 sed
1027 1437 1094 1501 ism
1113 1438 1213 1502 etium

254 1527 432 1612 porricidce
448 1525 642 1609 indicemini,
664 1525 742 1609 quid
761 1525 842 1606 dico,
863 1524 1070 1590 indicemini?
1093 1526 1212 1592 iudice-

255 1638 328 1682 mur
353 1615 475 1700 potius3
505 1613 604 1679 vestri
630 1614 717 1680 euim
744 1612 951 1698 pulcherrimi
978 1613 1057 1678 secti
1083 1615 1140 1678 ille
1162 1616 1212 1680 fu·

254 1703 874 1860 Itxmtemttfttzttttttt
910 1701 1053 1856 titt
1066 1705 1212 1858 sits

255 1887 318 1966 cst3
340 1882 427 1966 quod
445 1881 598 1967 quonism
615 1880 791 1963 proeteriit,
808 1878 933 1944 utinam
950 1879 1113 1964 haberem,
1133 1882 1212 1966 qnid

255 1973 347 2038 vobis
369 1971 479 2036 dorem
501 1969 640 2036 consilii!
667 1968 724 2034 sed
750 1990 792 2034 ne
814 1967 894 2032 mihi
920 1968 1050 2051 quidem
1075 1969 1140 2054 ipsi
1163 1992 1211 2035 re-

254 2061 344 2146 perio
376 2059 455 2143 quid
484 2057 672 2125 faciundum
704 2057 760 2140 sit3
795 2055 872 2140 quid
904 2057 991 2121 euim
1022 2060 1085 2142 cst,
1123 2061 1210 2143 qnod

220 2154 369 2216 ²coutrs
395 2149 461 2214 rim
489 2148 558 2213 sine
585 2147 618 2212 vi
643 2145 713 2210 fieri
739 2143 863 2230 possit?
909 2143 1086 2212 Consilium
1114 2169 1212 2213 omne

256 2243 364 2304 autem
386 2237 449 2302 hoo
471 2240 522 2302 est
541 2236 684 2316 illorum,
710 2237 748 2299 ut
774 2238 911 2298 mortem
934 2231 1081 2300 Caesaris
1103 2257 1211 2319 perse

255 2331 409 2411 quantum
430 2327 540 2409 itaque
562 2327 638 2390 ente
661 2322 746 2389 diem
767 2341 812 2387 vl.
833 2321 919 2388 Nou.
941 2320 1011 2387 Oct.
1033 2324 1212 2408 productus

254 2417 290 2480 iu
321 2414 509 2480 concionem
541 2435 561 2479 c
587 2409 749 2477 Cannutio
779 2411 963 2496 turpissime
994 2412 1048 2476 ille
1080 2414 1211 2496 quidem

256 2503 412 2585 discessit,
433 2502 490 2568 sed
511 2505 621 2566 tomen
643 2522 682 2565 ee
700 2499 780 2564 dixit
797 2500 836 2564 de
854 2501 1135 2567 conservatoribus
1154 2525 1212 2587 ps-

255 2591 351 2675 mino,
381 2612 463 2675 quoe
494 2589 558 2654 dici
589 2589 743 2655 deberent
773 2588 812 2653 do
838 2588 1069 2672 proditoribus3
1096 2589 1137 2655 de
1159 2613 1212 2657 me

256 2679 385 2764 quidem
412 2701 480 2744 uon
507 2678 704 2761 dubitanter,
735 2677 815 2760 quin
837 2677 946 2742 omnia
976 2677 1017 2742 de
1039 2699 1111 2743 mco
1136 2701 1211 2745 con-

257 2768 328 2833 silio
352 2771 386 2833 ct
406 2789 465 2833 vos
486 2767 643 2832 fecissetis
666 2769 700 2830 et
722 2762 902 2832 Cannutius
924 2765 1053 2831 feceret.
1096 2764 1212 2832 Cotem

257 2855 437 2921 cuiusmodi
459 2856 534 2940 sint,
556 2877 596 2920 ex
617 2855 680 2920 hoc
701 2853 816 2936 indica,
838 2853 924 2938 quod
941 2854 1050 2940 legato
1068 2858 1127 2920 tuo
1145 2858 1211 2921 viu-

256 2944 356 3009 ticum
374 2944 573 3028 eripuerunt:
596 2943 673 3027 quid
691 2963 746 3008 eos
764 2942 969 3026 interpretari
986 2947 1093 3028 putas,
1111 2966 1212 3028 quum

256 3032 318 3098 hoc
349 3031 495 3097 fuciunt?
527 3031 569 3097 nd
599 3031 727 3097 hostem
758 3030 880 3096 scilicet
910 3032 1042 3115 portori.
1092 3031 1212 3098 Orem

256 3121 419 3186 miserem!
452 3119 618 3184 dominum
648 3121 732 3185 ferre
758 3140 827 3186 uon
848 3120 1026 3203 potuimus,
1055 3141 1211 3187 conservo

257 3210 421 3276 servimus.
470 3207 515 3274 nt
545 3211 668 3292 tomen,
702 3230 754 3273 me
785 3207 915 3291 quidem
944 3209 1074 3274 favento
1106 3211 1212 3296 magis

256 3321 354 3450 ru
375 3300 541 3450 suffire
558 3296 1214 3469 rrumdurumne

184 3472 1213 3624 ‚Wmmmmmmm

321 3581 347 3624 e.
