2658 3986
222 135 228 142 ¹
246 179 311 246 186
525 177 918 235 nsumnucmoms

660 426 784 494 XVIIL

275 501 279 508 r
394 541 1051 597 Scallomaemeuselauuarioauawt.

574 662 704 719 clcnsso
721 663 876 720 amna

212 783 227 834 1
312 763 513 848 Simulatque
535 764 645 848 acoepi
667 787 688 828 a
705 761 839 830 Seleuco
860 768 919 830 tuo
935 764 1071 848 litteras,
1093 765 1205 829 mtim

246 853 390 939 quaesivi
412 874 431 917 e
452 851 558 918 Balbo
579 874 638 938 per
660 852 835 936 codicillos,
856 852 933 940 quid
955 857 1040 917 esset
1060 852 1097 916 in
1117 853 1205 938 lege:

246 941 412 1027 rescripsit
434 963 500 1025 eos,
522 941 578 1026 qui
599 941 744 1006 facerent
765 941 987 1026 praeconium,
1008 941 1112 1006 vetari
1133 962 1204 1006 esse

245 1031 282 1096 iu
308 1031 550 1115 decurionibus,
576 1030 633 1115 qui
654 1030 822 1114 fecissent,
847 1051 916 1095 non
941 1030 1053 1094 vetari.
1097 1027 1204 1104 Quare
1310 1037 1311 1044 ’

245 1119 334 1185 bono
361 1119 470 1185 auimo
498 1119 567 1184 sint
592 1121 627 1184 et
651 1117 701 1184 tui
727 1122 762 1184 et
786 1118 851 1184 mei
880 1118 1068 1201 familiares3
1098 1138 1204 1202 neque

246 1209 334 1273 enim
356 1212 427 1272 erat
443 1207 621 1291 ferendum,
644 1229 752 1291 quum,
774 1208 831 1291 qui
847 1206 944 1272 hodie
961 1206 1204 1290 haruspicinam

246 1295 405 1379 facerent,
435 1297 471 1360 in
498 1299 648 1360 senatum
667 1294 793 1360 Romae
818 1297 1016 1380 legerentur,
1047 1316 1116 1379 eos,
1146 1295 1204 1378 qui

247 1384 421 1467 aliquando
442 1383 651 1468 praeconium
672 1383 834 1466 fecissent,
854 1384 891 1447 in
907 1383 1090 1468 municipiis
1109 1382 1203 1446 decu·
1311 1399 1312 1434 l

211 1473 355 1540 ariones
382 1493 452 1538 esse
478 1493 547 1537 non
571 1472 676 1536 licere.
724 1471 775 1536 De
800 1471 968 1556 Hispaniis
998 1471 1076 1536 novi
1106 1471 1203 1536 nihil:

247 1581 403 1645 magnum
428 1563 540 1624 tamen
566 1561 740 1624 exercitum
766 1559 956 1644 Pompeium
981 1559 1100 1624 habere
1127 1580 1203 1624 cou-

247 1652 322 1733 stal,
344 1670 422 1712 nam
439 1646 558 1713 Caesar
578 1648 648 1734 ipse
671 1648 712 1712 ad
735 1669 811 1714 suos
833 1649 922 1712 misit
943 1648 1125 1732 exemplum
1142 1647 1203 1712 Pa·

247 1737 346 1802 ciaeci
362 1737 553 1821 litterarum,
570 1737 607 1800 in
630 1757 694 1820 quo
712 1740 783 1800 erat
799 1737 872 1801 illas
890 1749 939 1796 11·
957 1757 1027 1800 esse
1044 1736 1204 1821 legiones3

165 1817 168 1822 ’
247 1825 421 1910 scripserat
450 1825 550 1890 etiam
579 1824 733 1889 Messalla
763 1824 800 1901 Q.
827 1823 957 1890 Salasso
987 1822 1024 1888 P.
1055 1821 1203 1889 Curtium
1312 1813 1313 1826 ἶ

246 1914 384 1978 fratrem
404 1913 473 1978 eius
493 1914 583 1979 iussu
600 1913 746 1998 Pompeii
767 1914 969 1998 inspectante
992 1913 1132 1978 exercitu
1154 1913 1203 1977 in·

246 2003 433 2087 terfectum,
455 2002 541 2086 quod
564 2002 780 2068 consensisset
801 2023 875 2067 cum
894 2000 1050 2085 Hispanis
1073 2001 1204 2084 quibus-

248 2091 332 2176 dam,
354 2090 383 2156 si
404 2090 440 2156 in
463 2091 617 2176 oppidum
637 2090 748 2156 nescio
769 2090 856 2174 quod
874 2089 1046 2174 Pompeius
1068 2089 1115 2154 rei
1136 2089 1203 2154 fru-

248 2177 425 2244 mentariae
452 2201 550 2244 causa
580 2179 735 2262 venisset,
765 2200 839 2242 eum
865 2177 1134 2262 comprehendere
1161 2178 1204 2241 ad

212 2283 229 2332 a
248 2265 481 2350 Caesaremque
498 2267 663 2331 deducere.
697 2265 748 2332 De
765 2270 823 2332 tuo
842 2266 986 2352 negotio,
1002 2266 1089 2350 quod
1107 2287 1203 2350 spon-

248 2376 303 2419 sor
325 2377 360 2419 es
381 2376 441 2439 pro
463 2353 632 2438 Pompeio,
661 2355 689 2418 si
711 2351 815 2418 Galba
836 2376 1037 2439 consponsor
1056 2358 1133 2419 tuus
1155 2375 1203 2418 re

248 2443 356 2526 dierit,
387 2442 486 2506 homo
511 2442 548 2506 in
578 2463 614 2505 re
643 2441 796 2506 familiari
820 2464 889 2508 nou
915 2465 1030 2527 parum
1057 2442 1204 2528 diligens,

246 2552 316 2594 non
338 2529 484 2594 desinam
506 2551 579 2594 cum
600 2530 656 2594 illo
680 2532 930 2616 communicare,
956 2531 985 2595 si
1006 2530 1084 2614 quid
1110 2552 1203 2616 expe

212 2627 231 2678 4
249 2617 310 2682 diri
327 2618 440 2703 possit,
460 2619 546 2702 quod
563 2618 733 2683 videbatur
750 2619 830 2684 mihi
846 2619 901 2684 ille
920 2619 1089 2684 confidere.
1125 2617 1204 2684 Ora·

247 2711 351 2771 torem
374 2727 483 2771 meum
503 2708 596 2772 tanto
625 2729 720 2791 opere
743 2729 764 2772 a
785 2711 818 2772 te
844 2708 975 2792 probari
997 2706 1204 2773 vehementer

247 2793 388 2948 gaudem
414 2793 494 2860 mihi
521 2793 651 2879 quidem
672 2795 719 2860 sic
739 2796 932 2880 persuadeo,
957 2818 1022 2880 me,
1048 2795 1205 2879 quidquid

272 2882 416 2948 abuerim
442 2883 552 2948 iudicii
579 2882 618 2947 de
641 2883 790 2967 dicendo,
816 2884 852 2948 in
873 2885 965 2949 illum
987 2884 1106 2948 librum
1128 2905 1203 2949 oon-

247 2971 373 3035 tulisse:
400 2970 457 3054 qui
483 2971 511 3036 si
533 2971 691 3057 esttalis,
719 2973 846 3058 qualem
871 2973 933 3036 tibi
958 2971 1060 3037 videri
1082 2971 1205 3058 scribis,

248 3079 310 3144 ego
343 3078 471 3144 quoque
503 3057 624 3143 aliquid
656 3081 741 3143 sum,
773 3060 824 3124 sin
851 3061 956 3144 aliter,
986 3081 1055 3125 non
1081 3082 1205 3144 recuso,

247 3148 357 3300 llll
372 3147 696 3300 limitati
718 3148 1205 3322 fibi‘lldllll'tlilmdtulil

248 3321 400 3388 delectari
426 3324 491 3388 iam
516 3323 638 3388 talibus
660 3324 801 3409 seriptis:
829 3325 890 3388 etsi
917 3325 1009 3390 abest
1034 3325 1205 3392 maturitas

248 3411 378 3496 aetatis,
403 3413 514 3477 tamen
536 3432 709 3496 personare
732 3433 826 3477 aures
853 3413 921 3477 eius
943 3411 1128 3478 huiusmodi
1149 3436 1204 3479 vo·

212 3497 337 3563 acibus
364 3519 432 3564 non
463 3502 513 3564 est
538 3499 661 3564 inutile.
706 3499 759 3564 Me
788 3499 911 3565 Romae
938 3501 1045 3566 tenuit
1071 3501 1205 3567 omnino
