2568 3980
374 243 632 302 urnronnnnn
650 245 684 300 v.
703 250 744 302 ιο.
765 251 808 302 ιι.
1007 241 1072 308 155

547 528 636 596 XXI.

239 649 296 706 Ser.
315 649 421 706 nomae
440 651 517 718 (oute
534 669 571 706 m.
590 651 727 723 Aprilem)
746 669 771 708 e
791 669 817 706 u.
837 668 860 706 e.
880 655 939 708 ⁷08.

321 793 359 847 Μ.
379 791 508 848 CICERO
528 792 554 848 S.
574 792 607 848 D.
625 793 657 847 L.
676 792 857 849 MESOINIO.

180 898 298 966 Gratee
321 901 402 966 mihi
423 905 500 966 tuoe
522 902 648 966 litterae
669 903 810 985 fuerunt,
833 924 872 966 ex
890 902 1005 987 quibus
1023 902 1073 967 in·
1091 916 1106 968 1

109 990 231 1073 tellexi,
249 990 335 1073 quod
354 990 453 1054 etiem
471 991 540 1056 sine
558 990 675 1054 litteris
689 990 880 1074 arbitrabor,
899 994 932 1055 te
947 1013 1074 1056 summe

112 1078 291 1163 eupiditate
315 1078 466 1144 affectum
488 1099 558 1144 esse
581 1078 712 1143 videndi
733 1079 809 1144 mei:
834 1078 919 1162 quod
942 1100 1003 1164 ego
1025 1080 1074 1144 ita

109 1167 253 1234 libenter
275 1167 407 1253 accipio,
429 1170 467 1232 ut
488 1171 600 1232 temen
621 1166 682 1231 tibi
699 1188 767 1232 non
788 1166 975 1250 concedam3
996 1189 1074 1232 uum

112 1259 222 1320 tecum
244 1277 323 1340 esse,
344 1256 392 1322 ito
413 1255 495 1320 mihi
518 1255 637 1340 omnio,
659 1276 741 1340 quoe
762 1258 849 1341 opto,
871 1256 1074 1341 contingent,

113 1347 152 1408 ut
173 1343 381 1408 vehementer
402 1345 512 1410 velim!
536 1343 665 1429 etenim,
687 1366 787 1429 quum
809 1346 894 1412 esset
915 1345 1019 1410 meior
1041 1348 1075 1409 et

112 1433 257 1498 virorum
280 1436 314 1498 et
340 1432 470 1498 civium
483 1433 645 1499 bonorum
672 1436 705 1497 et
730 1433 945 1498 ineundorum
971 1433 1073 1498 homi·

113 1543 195 1585 num
226 1524 259 1585 et
286 1522 466 1586 amentium
497 1522 562 1587 mei
593 1522 699 1607 copie,
730 1525 841 1587 tamen
872 1524 943 1586 erat
968 1542 1073 1606 nemo,

114 1609 246 1693 quicum
268 1631 372 1674 essem
392 1609 547 1676 libentius
570 1632 668 1694 quum
689 1613 805 1695 teeum,
827 1613 861 1674 et
878 1610 983 1694 peuoi,
1005 1611 1073 1694 qui·

111 1698 251 1763 busount
278 1720 382 1763 essem
409 1720 509 1782 oeque
540 1699 692 1783 libentem
722 1698 786 1764 hoo
816 1720 893 1764 vero
919 1702 1074 1783 tempore,

115 1808 217 1870 quum
239 1786 295 1852 elii
317 1787 508 1871 interierint,
531 1788 586 1852 elii
608 1788 726 1870 absint,
748 1787 804 1852 elii
822 1787 938 1853 mutati
961 1788 1074 1853 voluu-

112 1877 184 1940 tate
207 1874 282 1960 sint,
304 1897 405 1940 unum
423 1875 548 1941 medius
570 1875 665 1940 fidius
687 1879 796 1941 tecum
813 1875 899 1940 diem
920 1876 1074 1942 libentius

114 1964 279 2048 posuerim
307 1986 405 2048 quem
434 1963 497 2031 hoe
525 1985 620 2030 omne
651 1969 779 2048 tempus
811 1985 885 2029 oum
908 1964 1074 2065 'plerisque

115 2073 238 2136 eorum,
259 2052 497 2136 quibuscum
466 2074 541 2118 ιιιο
559 2053 754 2135 neeessari03
776 2052 845 2118 noli
863 2053 950 2116 enim
968 2053 1075 2118 existi-

114 2162 206 2205 mare
228 2141 309 2205 mihi
331 2163 399 2207 non
429 2142 504 2207 solit
504 2140 636 2208 udinem
656 2140 880 2206 iucundiorem
902 2161 984 2224 esse,
1012 2163 1076 2224 que

115 2229 258 2293 tumen
249 2251 321 2314 ipse
346 2230 396 2296 uti
422 2229 605 2314 nonlicet,
636 2251 734 2315 quem
765 2249 928 2294 sermones
956 2250 1076 2313 eorum,

115 2317 174 2402 qui
205 2317 414 2402 frequentant
445 2319 577 2384 domum
607 2340 727 2401 meam,
758 2320 891 2403 exeepto
923 2339 989 2383 uno
1020 2321 1077 2383 aut

116 2428 280 2471 summum
302 2408 414 2472 altero.
458 2405 572 2492 Itaque
595 2410 671 2472 utor
694 2406 808 2473 eodem
829 2405 989 2492 perfugio,
1011 2427 1111 2490 quoe

116 2495 178 2559 tibi
209 2495 367 2560 utendum
398 2517 527 2579 censeo,
557 2495 709 2560 litterulis
740 2495 875 2580 nostrie,
909 2498 1077 2580 praetereo

117 2583 318 2649 conscientia
340 2583 438 2650 etiem
456 2583 665 2650 consiliorum
681 2605 840 2667 meorum3
863 2603 924 2669 ego
943 2584 1076 2650 enimis

117 2694 203 2756 sum,
231 2672 501 2755 quemadmodum
526 2676 564 2737 tu
586 2671 739 2738 facillime
764 2675 858 2757 potes
885 2672 1077 2758 existimare,

118 2761 175 2845 qui
192 2760 276 2826 nihil
293 2782 447 2844 umquem
464 2782 536 2826 mee
554 2761 662 2844 potius
681 2781 779 2845 quem
796 2781 941 2826 meorum
959 2762 1077 2828 civium

117 2871 217 2914 oense
238 2849 384 2934 feeerim;
407 2849 459 2916 oui
481 2849 545 2915 nisi
561 2849 731 2914 invidisset
751 2849 790 2934 is,
812 2871 907 2933 quem
929 2853 966 2916 tu
983 2872 1080 2915 uum*

120 2954 224 3023 quum·
241 2938 423 3002 amesti—
446 2959 498 3002 me
521 2937 608 3002 enim
630 2938 824 3002 amabes—
824 2942 889 3022 ,et
910 2937 980 3022 ipse
1002 2939 1076 3003 bea·

117 3029 173 3090 tus
201 3029 288 3091 esset
314 3030 347 3090 et
376 3048 487 3092 omnes
519 3026 607 3092 boni.
651 3025 725 3112 Ego
753 3048 838 3110 sum,
869 3026 924 3110 qui
954 3027 1077 3092 nullius

119 3115 186 3180 vim
207 3115 281 3199 plue
303 3115 410 3180 velere
433 3114 521 3180 volui
539 3137 636 3199 quum
653 3114 772 3180 honest
757 3117 827 3179 tum
845 3118 880 3180 ot
881 3115 956 3199 ium,
978 3114 1077 3178 idem·

120 3224 191 3288 que,
215 3225 315 3287 quum
337 3204 424 3267 ille
412 3225 487 3306 ipsa
510 3225 612 3288 arma,
639 3225 722 3289 quae
750 3225 875 3287 semper
897 3202 1077 3287 timueram,

119 3291 193 3376 plus
215 3313 311 3376 posse
334 3293 421 3357 sensi
448 3313 546 3376 quam
571 3293 664 3357 illum
693 3313 886 3358 eonsensum
908 3290 1078 3374 bonorum,

120 3401 216 3464 quem
239 3401 301 3466 ego
328 3381 414 3446 idem
440 3381 620 3465 effeceram,
652 3381 764 3466 quevis
790 3382 863 3443 tute
889 3378 1077 3444 eondieione

133 3645 136 3650 .
192 3589 243 3661 Ep.
263 3595 306 3659 21,
323 3597 345 3645 1.
382 3591 450 3645 mihi
468 3592 560 3646 omniu
580 3590 643 3660 Ν).
679 3607 714 3645 m.
734 3587 912 3659 [cummutatio]
931 3603 954 3642 o.
974 3587 1041 3641 ΜΒ.
