2556 3986
306 202 564 259 EPISTOLARUM
583 203 656 257 xv1.
678 208 789 258 16-61.
956 203 1021 267 549

69 347 146 412 mihi
169 346 233 412 fuit
255 346 412 412 adventus
435 347 668 431 optatissimum
690 370 781 432 nam,
803 370 902 432 quum
924 350 1021 413 maxi·

70 457 153 502 mam
173 436 329 520 cepissem
346 436 503 502 laetitiam
522 459 560 501 ex
573 435 798 502 humanissimi
816 440 849 500 et
867 437 1024 502 carissimi

70 525 169 610 patris
189 525 334 608 epistola,
355 528 426 589 tum
444 546 520 590 vero
538 525 785 590 iucundissimae
805 528 878 590 tuae
895 525 1022 590 litterae

71 614 233 678 cumulum
260 612 340 676 mihi
368 613 478 698 gaudii
508 615 694 678 attulerunt.
738 613 852 698 Itaque
879 636 930 678 me
958 615 1023 678 iam

70 723 137 767 non
154 701 342 786 poenitebat
359 701 631 786 intercapedinem
649 701 808 767 scribendi
825 701 949 787 fecisse,
967 703 1024 768 sed

70 789 177 875 potius
194 789 353 874 laetabar3
374 790 517 855 fructum
535 791 622 856 enim
639 812 794 876 magnum
810 790 1023 856 humanitatis

70 883 144 943 tuae
158 878 325 963 capiebam
339 899 378 943 ex
392 879 519 944 silentio
536 901 680 944 mearum
693 881 882 945 litterarum.
918 879 1023 946 Vehe-

70 970 194 1032 menter
215 967 315 1051 igitur
338 967 463 1052 gaudeo
486 970 519 1032 tc
537 989 642 1032 meam
665 967 733 1032 sine
752 967 952 1034 dubitatione
973 990 1022 1033 ao·

70 1055 191 1140 cepisse
215 1056 462 1121 excusationem.
507 1053 624 1122 (iratos
646 1056 707 1121 tibi
730 1059 922 1141 optatosque
945 1063 1057 1140 esse‚²

71 1145 127 1228 qui
149 1143 188 1209 de
211 1166 262 1210 me
284 1165 429 1210 rumores
453 1143 591 1209 afferunt
576 1147 638 1229 161,
660 1167 729 1209 non
749 1145 871 1230 dubito,
892 1145 937 1210 mi
955 1146 1023 1210 dul·

70 1233 196 1297 cissime
223 1231 314 1335 liro,
345 1233 579 1319 praestaboque
611 1237 644 1298 et
675 1233 791 1317 enitar,
823 1233 899 1300 ut
889 1254 925 1298 m
957 1234 1023 1299 dies

70 1322 174 1424 magis
206 1323 373 1408 magisque
406 1321 487 1388 haec
518 1343 654 1387 nascens
689 1322 729 1387 de
761 1343 812 1386 me
844 1321 1024 1406 duplicetur

70 1411 193 1494 opinio:
217 1433 323 1495 quare,
347 1409 433 1495 quod
455 1411 624 1496 polliceris,
650 1414 683 1475 te
705 1411 838 1477 bucinat
824 1414 927 1476 torem
953 1411 1023 1476 fore

69 1499 316 1566 existimationis
347 1521 451 1584 meae,
482 1499 575 1566 firmo
602 1500 636 1564 id
663 1519 740 1565 cons
741 1499 887 1584 tantique
915 1501 1023 1565 animo

68 1587 170 1654 facies
192 1589 280 1672 licet3
306 1592 380 1654 tant
380 1611 436 1654 um
458 1589 544 1654 enim
566 1588 646 1653 mihi
668 1588 813 1654 dolorem
835 1588 1024 1654 cruciatum·

69 1698 132 1760 que
155 1678 336 1742 attulerunt
362 1680 468 1742 errata
495 1678 609 1742 aetatis
632 1699 736 1761 meac,
762 1680 800 1741 ut
825 1699 893 1742 non
920 1679 1025 1743 solum

69 1763 198 1828 animus
220 1786 240 1828 a
262 1765 370 1848 factis,
397 1765 453 1829 sed
481 1787 573 1830 aures
601 1785 728 1847 quoque
755 1786 774 1827 a
797 1784 1024 1829 commemora-

68 1852 159 1916 tione
183 1851 391 1917 abhorreant:
420 1852 510 1916 cuius
536 1857 569 1917 16
597 1851 821 1916 sollicitudinis
851 1855 884 1916 61
906 1852 1025 1918 doloris

68 1939 260 2024 participem
286 1939 386 2005 fuisse
417 1943 532 2005 notum
559 1941 821 2024 exploratumque
853 1944 903 2005 661
932 1940 1026 2024 mihi3

68 2050 130 2092 nec
153 2027 187 2092 id
209 2029 339 2112 mirum3
361 2049 438 2092 nam
462 2050 560 2112 quum
588 2028 697 2093 omnia
719 2050 791 2092 mea
814 2049 911 2092 causa
928 2029 1026 2094 velles

68 2116 151 2180 mihi
174 2137 329 2198 successa,
349 2120 420 2182 tum
438 2117 535 2181 etiam
552 2119 624 2199 tua,
646 2117 767 2180 socium
787 2117 872 2180 enim
890 2119 1026 2181 1611166-

67 2227 143 2268 rum
179 2206 419 2270 commodorum
456 2226 581 2288 semper
612 2225 680 2268 6666
717 2205 812 2268 volui.
866 2204 1061 2280 Quoniamss

68 2292 172 2378 igitur
192 2297 263 2358 tum
287 2314 325 2357 ex
343 2315 394 2358 me
413 2293 552 2377 doluisti,
574 2297 718 2357 nunaut
738 2293 917 2377 duplicetur
934 2297 1028 2358 tuum

68 2403 109 2445 ex
131 2403 183 2446 me
206 2382 369 2467 gaudium,
391 2381 571 2466 praestabo.
609 2379 762 2466 Cratippo
786 2403 836 2445 me
856 2381 935 2446 scito
958 2403 1027 2446 non
1068 2387 1069 2392 ’

67 2473 106 2534 61
130 2469 331 2554 discipulum,
360 2470 416 2534 sed
439 2473 477 2535 ut
498 2470 601 2534 filium
624 2491 692 2534 6666
716 2469 1026 2554 coniunctissimum

68 2579 149 2621 nam
172 2580 279 2642 quum
309 2558 404 2624 audio
433 2559 526 2624 illum
551 2559 703 2641 libenter,
731 2561 802 2623 tum
829 2559 927 2624 etiam
954 2580 1026 2643 pro·

68 2645 175 2728 priam
198 2647 266 2710 eius
290 2647 483 2711 suavitatem
509 2647 716 2712 vehementer
739 2647 927 2730 amplector:
956 2668 1026 2710 sum

67 2736 158 2798 totos
181 2733 248 2798 dies
276 2755 348 2800 cum
371 2757 409 2800 eo
431 2735 600 2820 noctisque
630 2755 860 2818 saepenumero
888 2737 1027 2818 partem3

69 2843 167 2887 exoro
200 2823 298 2908 enim,
335 2826 373 2888 61
401 2845 526 2889 mecum
558 2844 655 2906 quam
687 2822 872 2906 saepissime
905 2826 1027 2886 coenet.

68 2909 142 2974 Hac
163 2909 348 2976 introducta
371 2911 602 2977 consuetudine
621 2931 715 2994 saepe
736 2909 947 2975 inscientibus
969 2932 1026 2975 no·

67 2997 119 3063 bis
139 3001 173 3064 et
190 3000 402 3065 coenantibus
422 3000 548 3082 obrepit
562 2999 752 3082 sublataque
774 2999 942 3063 severitate
956 2999 1026 3082 phi-

67 3087 236 3171 losophiae
264 3088 496 3152 humanissime
528 3087 697 3151 nobiscum
733 3087 866 3151 iocatur.
922 3086 1027 3162 Quare

67 3175 110 3239 da
143 3197 290 3260 operam,
322 3180 360 3239 ut
387 3176 474 3240 hunc
500 3175 612 3258 talem,
643 3179 712 3238 tam
738 3175 927 3258 iucundum,
958 3177 1026 3239 tam

138 3401 191 3472 Ep.
210 3407 293 3470 21‚.2
326 3401 479 3470 polliceris,
498 3405 523 3455 16
542 3401 616 3470 (W.)
652 3405 728 3470 pte
745 3400 895 3471 vulgo-
912 3400 1027 3466 mirum,-

65 3487 133 3613 aar?
125 3473 219 3614 mlvi}
231 3471 381 3612 Ι,6613111666
393 3472 629 3541 vulgo-celles
642 3471 710 3527 mebi
722 3469 911 3541 6666666601,
921 3441 1025 3541 vulgos.
