2568 3980
271 241 333 305 132
550 239 587 292 Μ.
607 237 731 292 TULLII
749 235 939 292 CICERONIS

269 407 367 471 quarn
388 384 489 468 illum,
512 403 575 467 quo
599 381 791 446 defendente
813 381 940 446 vincere
964 377 1081 444 didici?
1104 399 1149 442 an
1171 400 1232 442 ve-

268 495 354 558 rear,
374 495 430 556 ne,
459 471 515 555 qni
541 469 840 554 potentissimorum
865 467 1033 534 hominum
1060 467 1232 551 conspira-

267 563 391 628 tionem
418 560 596 644 neglexerit
621 578 680 643 pro
707 579 781 622 mea
807 557 924 640 salute,
955 556 984 620 is
1013 577 1073 640 pro
1099 555 1232 620 honore

268 643 1166 818 *nhilmiddlehillitibimiri?
1196 648 1233 796 {l

268 761 337 910 ἓξ
352 825 435 890 sicut
457 757 550 906 solesP,
572 843 670 906 amas,
693 822 819 906 suscipe
841 843 892 887 me
914 824 1023 888 totum
1038 754 1135 904 adque
1153 783 1233 905 hoc,

269 912 424 1000 quidquid
447 914 497 976 est
517 910 625 976 oneris
648 931 686 974 ac
707 910 863 993 muneris,
890 931 949 994 pro
972 930 1044 974 mea
1066 909 1232 994 dignitate

268 1003 329 1067 tibi
350 1001 507 1066 tuendum
525 1020 563 1064 ao
581 997 806 1065 sustinendum
823 1001 911 1082 puta
948 995 1017 1062 Scis
1036 1017 1143 1064 meam
1161 997 1231 1064 for-

268 1094 384 1155 tunam
404 1089 514 1154 nescio
541 1108 605 1172 quo
632 1086 729 1152 modo
755 1086 850 1154 facile
878 1087 1109 1152 obtrectatores
1137 1085 1232 1150 inve-

268 1180 348 1262 nire,
365 1200 433 1244 non
447 1198 518 1243 meo
538 1175 667 1260 quidem
680 1175 878 1240 mehercules
891 1174 1016 1257 merito,
1036 1174 1091 1240 sed
1110 1176 1232 1258 quanti

269 1267 303 1331 id
324 1267 437 1348 refert,
460 1266 488 1330 si
508 1268 619 1330 tamen
641 1263 711 1330 fato
733 1263 843 1328 nescio
866 1284 930 1347 quo
953 1261 1090 1342 accidit?
1118 1262 1148 1326 si
1172 1264 1232 1346 qui

268 1354 353 1419 forte
375 1353 482 1437 fuerit,
505 1353 560 1436 qui
581 1355 712 1417 nostrae
735 1351 887 1436 dignitati
907 1351 1020 1416 obesse
1038 1350 1125 1434 velit,
1148 1355 1231 1434 peto

269 1463 289 1506 a
310 1444 352 1525 te,
374 1444 412 1506 ut
433 1445 524 1506 tuam
541 1440 807 1505 consuetudinem
825 1443 859 1505 et
875 1439 1101 1504 liberalitatem
1118 1438 1155 1502 in
1174 1461 1231 1503 me

269 1529 402 1594 absente
425 1528 627 1594 defendendo
649 1528 730 1592 mihi
751 1531 904 1613 praestes.
948 1527 1088 1592 Litteras
1110 1527 1154 1592 ad
1179 1549 1230 1592 se·

269 1621 383 1682 netum
405 1616 445 1682 de
467 1617 562 1682 rebus
585 1617 705 1682 nostris
728 1617 842 1701 gestis,
871 1637 935 1701 quo
963 1615 1106 1700 exemplo
1130 1615 1230 1681 mise-

234 1719 348 1790 aram,
370 1705 457 1770 infra
478 1704 539 1770 tibi
561 1705 741 1789 perscripsi.
776 1704 904 1770 Dicitur
921 1703 1001 1768 mihi
1018 1707 1093 1768 tuus
1110 1725 1229 1769 servus

270 1795 468 1879 anagnostes
490 1793 647 1878 fugitivus
670 1814 744 1857 cum
757 1791 1016 1876 Vardaeisesse3
1038 1792 1076 1856 de
1099 1812 1165 1875 quo
1190 1797 1229 1857 tu

268 1882 347 1946 mihi
370 1882 453 1946 nihil
474 1881 648 1964 mandasti,
676 1901 737 1966 ego
759 1884 883 1964 tamen,
908 1883 997 1946 terra
1019 1880 1164 1964 marique
1190 1885 1229 1945 ut
1279 1877 1280 1950 l

268 1971 522 2055 conquireretur,
549 1969 792 2054 praemandavi,
820 1972 854 2036 et
875 1968 1022 2053 profecto
1049 1968 1109 2034 tibi
1131 1969 1228 2033 illum

267 2058 438 2144 reperiam,
463 2058 527 2123 nisi
553 2058 583 2124 si
608 2058 644 2122 in
665 2057 863 2123 Dalmatiam
885 2057 1061 2143 aufugerit,
1088 2059 1122 2121 et·
1148 2058 1227 2122 inde

266 2150 377 2212 tamen
399 2147 572 2231 aliquando
595 2167 714 2210 eruam.
760 2145 810 2210 Tu
831 2167 892 2211 nos
913 2146 967 2210 fac
990 2166 1086 2210 ames.
1131 2144 1226 2212 Vale.

266 2234 307 2300 A.
329 2236 360 2301 d.
381 2235 423 2300 V.
466 2233 543 2300 Idus
566 2233 752 2318 Quinctiles,
775 2255 814 2298 ex
836 2234 959 2316 cestris,
981 2232 1123 2300 Narona

698 2427 738 2492 X.
760 2450 789 2492 a.

442 2534 500 2592 Ser.
522 2538 553 2591 in
575 2537 673 2606 Illyria
699 2538 814 2593 ineunte
837 2555 862 2593 a.
885 2555 912 2593 u.
936 2556 959 2592 c.
984 2543 1045 2594 710.

477 2659 652 2716 VATINIUS
666 2659 837 2716 CICERONI
852 2661 919 2716 SUO
935 2660 1011 2716 SAL.

232 2770 246 2819 1
333 2755 364 2823 S.
387 2757 427 2824 V.
449 2757 487 2823 B.
509 2758 547 2822 E.
570 2759 608 2823 E.
632 2758 669 2835 Q.
691 2759 731 2823 V.
776 2759 825 2824 De
848 2759 1006 2844 Dionysio
1035 2762 1093 2826 tuo
1116 2760 1225 2826 adhuc
1278 2807 1279 2848 3

265 2846 347 2910 nihil
370 2847 499 2930 extrica,
522 2851 555 2911 et
577 2869 615 2912 eo
638 2848 758 2930 minus,
781 2849 867 2932 quod
890 2870 941 2913 me
963 2848 1068 2934 frigus
1090 2848 1224 2914 Dalma-

264 2933 373 3016 ticum,
397 2935 482 3017 quod
504 2934 593 2999 illinc
612 2935 713 3019 eiecit,
736 2936 833 3000 etiam
850 2935 903 3000 hic
925 2936 1144 3022 refrigeravit3
1168 2938 1225 3002 sed
1278 2937 1279 2961 ¹

264 3025 374 3086 tamen
396 3040 464 3087 non
486 3021 652 3107 desistam,
678 3023 757 3107 quin
784 3024 876 3090 illurn
904 3024 1078 3109 aliquando
1102 3047 1225 3091 eruam.

265 3108 327 3175 Sed
358 3112 469 3174 tamen
500 3111 609 3176 omnia
635 3111 716 3176 mihi
743 3110 823 3176 dura
853 3112 1008 3197 imperas:
1041 3113 1081 3178 de
1105 3111 1224 3180 Catilio

263 3198 372 3263 nescio
396 3197 472 3282 quid
500 3198 541 3262 ad
567 3221 619 3263 me
642 3199 799 3283 scripsisti
821 3201 1058 3284 deprecationis
1087 3202 1225 3288 diligen-

263 3286 415 3350 tissimae.
460 3285 574 3371 Apage
605 3290 639 3350 te
670 3308 744 3351 cum
774 3292 886 3354 nostro
919 3287 990 3354 Sex.
1018 3287 1156 3356 Servilio
1180 3328 1225 3336 -

334 3491 436 3561 Epa,
456 3500 479 3547 1.
528 3494 554 3547 si
575 3494 637 3562 qais
658 3492 730 3561 sorte
751 3496 824 3563 (edd.
846 3499 945 3566 vett)?
995 3503 1022 3553 a.
1048 3497 1227 3554 Dalmatiam

266 3558 380 3630 (vulgo).
417 3563 505 3618 Dalm.
523 3563 589 3618 ΜΒ.
