2658 3986
318 327 322 334 .
394 241 653 297 EPISTOLARUM
671 241 717 296 Vl.
738 246 780 296 18.
800 246 841 296 19.
1031 237 1093 302 187

136 385 263 452 Tulliae
286 407 375 450 meae
398 389 524 469 partus3
547 385 611 470 red,
634 406 734 469 quum
756 405 803 468 ea,
826 382 1095 468 quemadmodum

137 495 244 559 spero,
265 475 344 538 satis
366 473 461 538 firma
483 475 538 558 sit,
565 477 677 538 teneor
704 476 828 555 tamen,
855 471 933 537 dum
955 493 975 534 a
997 471 1095 536 Dola-

136 562 242 632 bellae
272 563 536 647 procuratoribus
567 562 694 647 exigam
728 561 867 646 primam
897 559 1095 644 pensionem,

137 654 172 716 et
193 649 375 716 mehercule
398 672 466 716 non
483 653 551 715 tam
572 671 643 716 sum
660 650 884 735 peregrinator
901 648 976 734 iam,
998 667 1096 732 quam

137 739 295 803 solebam:
328 739 473 804 aedificia
503 759 576 806 mea
602 759 653 804 me
680 737 885 804 delectabant
916 741 949 802 et
980 737 1095 819 otium3

135 845 222 890 nanc
250 827 364 892 domus
387 829 444 912 est,
467 847 548 910 quae
565 827 648 891 nulli
665 847 809 892 mearum
826 826 976 890 villarum
995 825 1096 909 cedat,

138 919 243 980 otium
266 915 355 980 omni
376 915 594 980 desertissima
615 915 747 1002 regione
770 916 883 979 maius.
918 913 1032 998 ltaque
1054 933 1096 977 ne

138 1003 266 1068 litterae
294 1004 423 1088 quidem
448 1024 539 1070 meae
565 1003 798 1088 impediuntur,
824 1004 860 1068 in
888 1002 1004 1085 quibus
1027 1001 1096 1066 sine

138 1092 208 1156 ulla
229 1092 489 1176 interpellatione
507 1114 631 1175 versor3
654 1112 761 1176 quare,
783 1094 821 1155 ut
839 1089 985 1175 arbitror,
1006 1090 1097 1175 prius
1233 1156 1241 1170 ,

6 1185 9 1198 '
138 1179 194 1244 hic
215 1183 249 1244 te
272 1202 342 1264 nos,
365 1202 462 1265 quam
484 1182 557 1246 istic
579 1184 617 1245 tu
639 1202 700 1246 nos
722 1178 854 1244 videbis.
898 1176 1003 1263 Lepta
1026 1199 1097 1244 sua-

139 1267 291 1334 vissimus
314 1269 436 1336 ediscat
456 1268 636 1336 Hesiodum
658 1271 691 1334 et
711 1268 832 1334 habeat
852 1266 889 1332 in
907 1288 961 1334 ore
984 1264 1043 1347 τῆς
1063 1257 1096 1328 δ’

141 1349 264 1438 ἀρετῆς
287 1353 412 1439 ἱδρῶτα
434 1361 468 1423 et
489 1361 603 1426 cetera

576 1549 665 1616 XIX.

303 1661 360 1716 Sor.
379 1665 499 1718 Asturae
516 1680 611 1719 mense
630 1661 730 1718 Sextili
748 1677 773 1717 a
792 1679 819 1718 n.
837 1677 861 1718 c.
879 1667 938 1719 ¹109.

472 1784 599 1841 cronno
618 1785 770 1842 nnrrln.
861 1857 864 1864 ¹

210 1883 373 1950 Maculam
409 1885 516 1951 officio
546 1886 695 1952 functum
731 1906 800 1952 esse
831 1883 966 1970 gaudeo.
1018 1881 1134 1950 Eiusl

63 2023 69 2035 .
142 1971 319 2040 Falernum
344 1973 426 2038 mihi
453 1995 578 2059 semper
604 1974 757 2040 idoneum
783 1973 888 2040 visum
916 1975 966 2038 est
991 1972 1100 2038 dever·
1198 1992 1199 1996 ’

144 2061 246 2146 sorio,
278 2061 305 2126 si
332 2061 429 2128 modo
455 2063 534 2128 teeti
561 2061 640 2128 satis
667 2061 784 2127 estad
812 2061 1001 2128 comitatum
1025 2081 1100 2126 nos·

143 2153 232 2216 mum
262 2150 495 2235 reeipiendum3
526 2151 689 2235 ceteroqui
720 2149 800 2214 mibi
825 2149 916 2214 locus
942 2169 1011 2213 non
1038 2148 1100 2214 dis·

143 2238 253 2321 plicet.
300 2236 371 2304 Neo
397 2261 435 2303 ea
461 2261 496 2306 re
522 2238 690 2304 Petrinum
715 2242 808 2304 tuum
836 2236 994 2320 deseram3
1024 2257 1101 2302 nam

145 2330 180 2390 et
201 2326 279 2392 villa
307 2331 340 2392 et
366 2328 544 2393 amoenitas
571 2329 628 2394 illa
655 2323 918 2394 commorationis
945 2329 1007 2409 est,
1033 2345 1102 2392 non

145 2414 330 2480 deversorii.
365 2414 415 2480 De
439 2416 604 2482 curatione
626 2417 735 2501 aliqua
751 2435 922 2480 munerum
938 2414 1136 2500 regioruma

144 2524 221 2568 oum
239 2501 344 2588 Oppio
366 2504 494 2570 locutus
517 2527 601 2588 sum3
623 2527 701 2570 nam
720 2503 869 2588 Balbum,
889 2507 1102 2588 posteaquam

145 2593 183 2655 tu
206 2613 241 2656 es
262 2592 439 2677 profectus,
466 2614 534 2658 non
559 2593 638 2658 vidi:
664 2593 765 2658 tantis
791 2592 910 2678 pedum
937 2591 1102 2658 doloribus

146 2679 297 2764 afficitur,
319 2683 357 2744 ut
379 2701 413 2746 se
435 2681 600 2747 conveniri
622 2681 713 2747 nolit.
744 2679 886 2747 Omine
907 2679 948 2744 de
969 2683 1041 2745 tota
1057 2697 1102 2764 re,

146 2770 185 2832 ut
207 2768 287 2832 mihi
308 2768 439 2853 videris,
462 2770 639 2855 sapientius
660 2770 796 2853 faceres,
818 2769 937 2834 sinon
959 2788 1102 2852 curares3

146 2857 235 2940 qnod
257 2857 344 2922 enim
367 2879 404 2924 eo
427 2858 537 2923 labore
556 2858 684 2942 assequi
705 2857 763 2942 ris,
785 2857 876 2922 nullo
898 2855 994 2922 modo
1018 2877 1101 2922 asse

147 2965 259 3028 quere3
286 2948 380 3010 tanta
402 2949 452 3010 est
473 2946 560 3010 enim
582 2946 770 3012 intimorum
791 2944 978 3030 mullitudo,
1004 2947 1042 3010 ut
1063 2965 1103 3010 ex

146 3033 187 3098 iis
220 3034 337 3117 aliquis
367 3034 475 3118 potius
506 3033 631 3118 effluat,
667 3055 765 3118 quam
791 3055 881 3116 ¹novo
913 3032 957 3097 sit
987 3031 1103 3116 aditus,

147 3122 337 3205 praesertim
360 3123 415 3205 qui
437 3123 519 3188 nihil
541 3123 655 3188 afferat
674 3125 802 3207 praeter
823 3142 963 3206 operam,
984 3120 1021 3184 in
1039 3140 1104 3202 qua

147 3210 202 3274 ille
234 3231 268 3277 se
300 3210 425 3276 dedisse
456 3211 647 3276 beneficium
673 3210 801 3295 putabit
823 3244 866 3259 -
889 3208 918 3274 si
946 3207 1043 3273 modo
1069 3207 1106 3274 id

218 3437 270 3509 Ep.
292 3443 333 3507 18,
348 3443 372 3492 o.
408 3443 526 3508 portum
547 3437 594 3494 aed
616 3437 691 3505 (W.).
735 3439 842 3504 portus.
879 3432 934 3489 Sed
955 3431 1049 3504 vulgo.
1068 3461 1103 3476 -

147 3509 450 3576 ulimmerianum
468 3508 564 3577 (Era).
599 3523 641 3574 o.,·
657 3508 684 3562 d.
698 3507 745 3574 M„
754 3505 848 3575 vulgo.
884 3503 935 3574 Ep.
952 3509 993 3574 19,
1009 3509 1033 3559 1.
1060 3502 1104 3561 de·

147 3581 298 3637 amorium
315 3580 363 3650 (W
365 3581 401 3648 .)l
