2578 3978
264 211 307 277 36
546 209 585 265 u.
604 209 729 266 TULLII
746 209 938 266 CICERONIS

261 359 393 422 tuorum
415 356 591 442 quidquam
612 359 646 420 te
669 356 802 420 absente
824 355 904 438 fieri,
926 354 1012 439 quod
1029 353 1104 438 libi,
1129 375 1233 438 quum

262 446 414 528 venisses,
432 467 501 510 non
518 447 605 510 esset
616 444 792 529 integrum:
815 444 965 528 equidem
984 442 1060 527 qnid
1073 443 1233 526 sentiam,

263 537 321 598 aut
342 533 482 599 scribam
508 533 548 598 ad
575 536 610 597 te
635 537 751 618 postea
776 532 924 616 pluribus
951 535 1022 616 aut,
1049 552 1093 596 ne
1124 531 1171 596 ad
1194 553 1233 596 ea

262 622 430 707 meditere,
455 622 653 706 imparatum
673 624 707 686 te
730 620 891 686 offendam
913 641 1085 704 coramque
1112 623 1233 686 contra

261 711 359 776 istam
385 710 545 776 rationem
571 731 678 774 meam
704 710 823 793 dicam,
851 713 889 774 ut
915 712 974 774 aut
998 711 1032 773 te
1057 709 1096 774 in
1120 731 1232 773 meam

263 800 459 870 sententiam
480 798 638 864 adducam
664 802 723 864 aut
748 801 834 864 certe
860 801 1017 863 metatum
1044 797 1137 881 apud
1162 797 1231 862 ani·

261 909 351 952 mum
372 892 467 953 tuum
483 888 674 973 relinquam,
696 887 774 972 qnid
792 887 957 972 senserim,
975 889 1022 970 ut,
1044 885 1230 970 siquando

253 1011 304 1026 ψ-
333 976 420 1062 quod
446 976 548 1041 nolim
575 1012 617 1022 —
646 976 814 1061 displicere
840 975 902 1040 tibi
929 979 1023 1040 tuum
1050 975 1231 1040 consilium

262 1065 416 1149 eoeperit,
442 1065 548 1150 possis
574 1085 683 1130 meum
708 1064 884 1148 recordari,
914 1063 1006 1130 brevi
1036 1065 1155 1128 tamen
1183 1063 1230 1128 sio

261 1152 390 1238 habeto,
412 1153 448 1218 in
466 1175 540 1218 eum
558 1157 681 1219 statum
697 1157 881 1239 temporum
899 1156 994 1217 tunm
1010 1151 1157 1218 reditum
1180 1151 1228 1216 in·

261 1243 375 1327 cidere,
392 1246 430 1307 ut
446 1242 487 1307 iis
504 1242 609 1326 bonis,
627 1263 709 1328 quae
726 1242 788 1307 tibi
805 1244 932 1326 natura,
950 1240 1067 1324 studio,
1086 1240 1228 1306 fortuna

261 1331 338 1394 data
360 1333 447 1414 sunt,
467 1331 595 1396 facilius
617 1330 736 1414 omnia,
759 1351 841 1414 quae
864 1334 941 1395 sunt
963 1329 1170 1415 amplissima
1192 1328 1227 1392 in

260 1440 296 1482 re
317 1418 461 1503 publica,
491 1419 645 1503 consequi
665 1418 772 1503 possis
794 1439 892 1502 quam
913 1418 1116 1484 muneribus:
1146 1439 1225 1502 quo·

259 1529 332 1571 rum
358 1527 463 1591 neque
488 1506 677 1572 facultatem
704 1507 875 1592 quisquam
903 1507 1080 1572 admiratur
1103 1507 1226 1570 -est

260 1595 347 1660 enim
376 1596 557 1680 copiarum,
587 1617 656 1660 non
685 1595 815 1660 virtutis
842 1631 885 1643 -
912 1617 1017 1680 neque
1048 1595 1224 1680 quisquam

225 1686 310 1747 sese
332 1683 411 1769 quin
434 1683 583 1748 satietate
605 1685 672 1748 iam
693 1684 838 1750 defessus
861 1685 912 1749 sit
957 1681 1027 1748 Sed
1042 1683 1152 1768 aliter,
1176 1686 1222 1748 at·

261 1794 322 1857 que
342 1771 555 1856 ostenderam,
571 1772 666 1856 facio,
685 1773 740 1857 qui
758 1772 922 1859 ingrediar
940 1773 981 1837 ad
995 1772 1223 1856 explicandam

259 1861 420 1925 rationem
441 1861 622 1925 sententiae
643 1883 747 1945 meae;
774 1882 873 1945 quare
896 1883 1025 1927 omnem
1046 1860 1136 1926 hano
1159 1860 1221 1924 dis-

259 1949 699 2033 putationeminedventum
710 1954 805 2015 tuum
822 1950 944 2016 differo.
984 1947 1119 2014 Summa
1138 1949 1220 2015 scito
1270 1961 1271 1968 ’

256 2037 295 2102 in
316 2037 555 2123 exspectatione
576 2042 611 2103 te
628 2060 699 2104 esse
716 2060 818 2123 eaque
836 2061 857 2103 a
872 2042 907 2104 te
924 2038 1113 2124 exspectari,
1137 2058 1219 2123 quae

260 2147 279 2190 a
310 2149 436 2191 summe
465 2127 585 2192 virtute
617 2149 807 2213 summoque
836 2127 969 2213 ingenio
1001 2125 1220 2212 exspectanda

259 2219 348 2299 sunt3
371 2215 412 2279 ad
435 2237 517 2300 quae
540 2216 567 2280 si
591 2237 635 2300 es,
656 2220 695 2281 ut
711 2216 817 2299 debes,
839 2219 972 2300 paratus
994 2250 1038 2263 -
1060 2216 1151 2299 quod
1172 2215 1218 2279 ite
1269 2253 1270 2282 ς

259 2324 328 2367 esse
352 2303 479 2369 confido
499 2339 556 2388 -,
578 2304 726 2386 plurimis
744 2304 955 2389 maximisque
972 2304 1163 2370 muneribus
1186 2307 1219 2367 et

258 2411 319 2455 nos
342 2391 462 2455 amicos
485 2394 519 2455 et
540 2391 625 2456 cives
646 2394 722 2457 tuos
734 2393 902 2459 universos
916 2396 950 2457 et
962 2414 1031 2458 rem
1051 2393 1217 2478 publicam

259 2477 392 2543 afficies:
415 2478 495 2552 illud
518 2499 693 2565 cognosces
715 2481 871 2566 profecto,
893 2481 974 2545 mihi
990 2484 1023 2546 te
1041 2502 1148 2566 neque
1167 2502 1216 2546 ee·

258 2565 377 2631 riorem
398 2588 502 2653 neque
524 2567 746 2634 iucundiorem
769 2591 838 2635 esse
861 2591 1063 2655 quemquem

703 2761 762 2828 IV.

536 2871 593 2929 Sor.
612 2873 718 2929 Romae
737 2891 763 2930 a.
781 2892 808 2930 n.
828 2891 853 2930 o
872 2881 932 2931 ⁷01.

476 2995 520 3050 M.
539 2994 669 3053 CICERO
687 2998 714 3053 S.
734 2997 768 3053 Ι).
786 2997 816 3054 (l.
834 2996 993 3054 OURIONI.

224 3115 238 3164 1
324 3091 546 3177 Epistularum
564 3117 684 3182 genera
701 3099 804 3164 multe
821 3119 891 3163 esse
909 3118 978 3164 non
994 3097 1137 3184 ignoras,
1160 3095 1213 3163 sed

257 3203 359 3246 unum
385 3182 466 3248 illud
487 3185 740 3270 mitissimum,
766 3186 857 3252 cuius
880 3207 978 3252 causa
1003 3186 1139 3252 invente
1163 3206 1211 3252 res
1266 3215 1267 3238 2

257 3270 328 3356 ipse
355 3273 417 3356 est,
444 3275 482 3336 ut
508 3273 660 3339 certiores
686 3275 864 3340 faceremus
891 3275 1054 3357 absentes,
1082 3275 1111 3340 si
1138 3271 1212 3362 quid

327 3479 379 3564 EP:
399 3487 423 3548 4,
440 3487 463 3535 ¹·
499 3482 700 3566 ῒθθήίδδίτηνψ
723 3483 797 3551 (W.).
842 3483 1141 3554 tritissimamvfflake)
1165 3484 1221 3538 aut.
1265 3521 1266 3567 ,

258 3549 546 3623 estmereslewe).
582 3557 760 3610 maecum
778 3553 870 3624 vulga
