2610 3980
267 250 269 255 Ι
350 177 661 235 1111111111111.
680 183 758 233 e-e.
795 235 797 244 ,
970 175 1034 240 129

99 322 193 384 noema
214 321 355 386 amicitia
376 322 533 406 postulat:
555 343 607 387 res
626 343 684 388 aas
707 322 801 407 gessi,
824 343 961 404 quarum
977 320 1035 386 nli·

99 428 180 492 quam
199 408 234 480 in
255 408 321 475 tuis
342 409 458 476 fitteris
477 413 510 474 et
526 413 657 476 nostrae
675 409 921 476 necessitudinis
939 413 972 474 et
988 409 1036 474 rei

96 496 226 578 publicae
250 519 347 563 eausa
369 497 619 584 gratulationem
640 498 833 583 exspectavi,
855 519 952 582 quem
974 517 1035 582 ego

97 583 144 648 abs
164 587 193 649 te
216 587 476 670 praetermissam
498 607 566 654 esse
589 587 742 671 arbItror,
769 586 856 672 quod
883 606 1036 668 vererere,

96 693 128 736 ne
149 674 235 738 ouius
254 675 397 741 animum
416 673 607 760 offenderem
629 676 685 742 sed
702 675 784 742 scito
805 697 852 759 ea,
873 695 958 758 quae
975 695 1036 738 nos

96 781 143 842 pro
165 763 266 829 salute
288 763 413 847 patriae
432 764 597 850 gessimus,
620 764 708 830 orbis
730 767 835 831 terrae
856 762 975 828 iudieio
998 783 1037 826 ae

94 849 266 916 testimonio
290 851 505 936 comprobari,
532 874 628 937 quae,
656 875 756 937 quum
777 851 916 935 veneris,
942 853 1036 918 tanto

95 939 214 1005 oonsilio
242 942 398 1024 tantaque
430 941 531 1006 animi
561 939 785 1026 magnitudine
815 963 835 1006 a
861 961 912 1004 me
945 942 1038 1025 gesta

94 1045 151 1090 esee
172 1047 359 1112 cogno-sees,
380 1031 418 1094 ut
439 1029 499 1095 tibi
522 1031 625 1096 multo
648 1029 772 1112 maiori,
795 1049 892 1112 quam
912 1026 1037 1092 Africa-

94 1133 144 1177 nus
168 1109 246 1200 fuit,
278 1137 424 1184 menon
452 1118 555 1184 multo
582 1118 741 1188 minorem
767 1137 865 1200 quem
892 1114 1038 1183 Laelium

93 1200 174 1268 facile
205 1207 242 1268 et
271 1203 307 1269 in
337 1226 372 1270 re
402 1206 533 1290 publiea
560 1207 654 1272 etin
681 1205 822 1272 emieitia
851 1203 1038 1270 adiunctum

92 1310 151 1356 esse
171 1293 308 1377 patiare.

515 1503 606 1570 VIII.

292 1613 349 1670 Ser.
367 1631 462 1670 mense
480 1616 611 1671 IanuarIo
631 1633 656 1671 a.
675 1633 702 1670 n.
722 1633 746 1672 e.
767 1623 825 1672 700.

177 1739 215 1796 Μ.
237 1737 366 1794 CICERO
387 1737 414 1793 S.
437 1735 466 1796 0.
484 1739 522 1794 M.
541 1739 677 1796 LICINIO
696 1739 726 1794 P.
745 1739 776 1794 F.
796 1737 940 1796 CRASSO.

148 1837 316 1915 Quantum
329 1838 396 1917 tad
415 1860 521 1906 meum
535 1840 678 1904 studium
695 1838 853 1904 exstiterit
870 1837 1039 1924 dignitatis
1059 1849 1073 1898 1

90 1926 157 1991 tuae
178 1928 233 1993 vel
255 1928 395 1996 tuendae
422 1928 474 1994 vel
500 1928 599 1994 etiarn
626 1928 805 2012 augendae,
831 1949 899 1994 non
926 1926 1039 1992 dubito

89 2015 160 2096 quin
186 2016 231 2081 ad
258 2019 292 2080 te
320 2037 431 2080 omnes
461 2016 511 2080 tui
539 2017 737 2100 scripserint3
768 2015 949 2080 nonenim
975 2014 1041 2080 tuit
1116 2097 1117 2100 Ἴ

90 2106 139 2166 aut
168 2105 332 2174 mediocre
365 2106 422 2172 aut
453 2103 625 2170 obseurnm
660 2107 718 2169 aut
749 2103 918 2186 eiusmodi,
954 2102 1040 2186 quod

88 2189 209 2260 silentio
243 2196 355 2278 posset
380 2193 562 2276 praeteriri:
589 2213 670 2258 nem·
693 2195 727 2258 et
751 2213 826 2257 oum
855 2190 1040 2256 oonsulibus

89 2281 216 2346 etcum
245 2281 357 2349 multis
383 2281 606 2346 consularibus
632 2284 726 2347 tonte
752 2278 960 2346 contentione
980 2279 1040 2344 de·

87 2371 210 2455 certavi,
231 2372 354 2454 quante
371 2391 548 2454 numquam
566 2372 663 2434 antea
676 2369 743 2434 ulle
760 2369 920 2453 incanae,
937 2389 1040 2432 susee-

87 2455 176 2540 pique
191 2458 276 2524 mihi
294 2459 483 2542 perpetuam
500 2457 795 2542 propugnationem
812 2479 872 2541 pro
891 2456 1040 2522 omnibns

87 2546 285 2612 ornamentis
303 2545 369 2610 tuis
386 2546 549 2630 veterique
567 2549 698 2612 nostrae
716 2545 945 2612 nenessitudini
962 2545 1041 2609 iam-

87 2631 136 2698 diu
158 2634 323 2718 debitum,
351 2633 407 2699 sed
433 2635 536 2700 multa
562 2634 717 2700 varietate
739 2637 922 2717 temporum
942 2633 1041 2698 inter·

86 2726 215 2806 ruptum
242 2722 389 2790 officium
415 2724 576 2788 oumulete
603 2721 734 2787 reddidi.
778 2720 892 2806 Neque
919 2721 1076 2785 mahen-n

86 2811 150 2876 eule
182 2831 342 2896 nmquam
377 2810 458 2876 mihi
488 2811 537 2875 tui
571 2814 628 2876 aut
659 2809 785 2876 uolendi
816 2812 874 2874 aut
905 2808 1042 2874 ornandi

87 2899 235 2964 voluntas
248 2899 366 2982 defuit3
388 2898 445 2963 sed
463 2898 620 2982 quaedam
637 2902 744 2984 pestes
761 2898 931 2964 hominum
947 2898 1042 2963 laude

86 2987 189 3054 aliena
213 2987 394 3054 dolentium
421 2989 454 3052 et
480 2991 513 3053 te
535 3008 780 3071 nonnumquam
807 3010 827 3052 a
849 3008 899 3052 me
922 2986 1042 3051 aliene·

87 3079 158 3140 runt
180 3079 218 3141 et
234 3097 287 3140 me
306 3075 479 3160 aliquando
498 3075 711 3140 immutarunt
729 3074 799 3141 tibi.
833 3073 898 3140 Sed
920 3072 1043 3138 exstitit

84 3375 107 3429 L
148 3307 203 3378 ap.
226 3313 251 3362 s,
280 3301 874 3370 1111111111111111110111.
903 3297 975 3354 ore.
996 3299 1040 3352 11.

85 3369 1041 3517 1111111111111111111111

85 3517 327 3587 (11111111).
511 3581 515 3586 M

134 3603 256 3648 cromam·
269 3603 333 3653 apter
346 3601 367 3642 Ι.
815 3590 831 3638 9
