2658 3986
371 233 630 290 EPISTULARUM
649 234 710 289 Vss.
729 241 797 289 24-
799 241 841 291 26.
1019 237 1084 301 219

121 399 284 464 unguem,
311 378 397 462 quod
425 379 529 463 61666,
557 379 729 462 666116,
719 401 747 444 rs
775 379 861 444 enim
888 383 937 445 666
960 335 1086 447 dicendi

123 468 248 552 opifex,
271 469 369 552 atque
393 429 539 552 equidem
558 467 761 552 aliquantum
776 469 843 534 iam
861 469 959 535 etiam
980 470 1085 536 noctis

123 578 266 623 assumta

545 749 666 817 XXVI.

360 862 417 920 Sor.
435 862 467 918 16
484 862 644 918 Tusculano
662 878 688 918 6.
706 880 734 916 6.
752 878 776 918 6.
794 869 856 919 697.

417 984 546 1042 CICERO
566 987 594 1042 S.
612 986 646 1041 D.
666 985 816 1042 GALLO..
843 1011 845 1014 ·

195 1085 303 1163 Quum
325 1086 483 1152 decimum
506 1087 571 1152 iam
595 1087 680 1152 diem
702 1086 845 1172 graviter
866 1108 905 1150 ex
922 1086 1086 1154 intestinis
1106 1101 1120 1149 1

126 1177 311 1241 laborarem
338 1196 443 1261 neque
468 1176 523 1259 iis,
552 1176 608 1260 qui
630 1197 703 1240 mea
729 1196 829 1259 opera
854 1175 904 1239 uti
925 1176 1087 1262 volebant,

127 1287 181 1330 me
198 1263 371 1348 probarem
388 1285 456 1330 non
473 1265 589 1349 661666,
611 1264 687 1348 quia
704 1263 821 1328 febrim
839 1285 908 1328 666
925 1263 1087 1349 haberem,

127 1354 200 1438 fugi
223 1353 258 1418 in
277 1353 504 1437 1666616666,
526 1375 626 1438 quum
645 1352 774 1437 quidem
791 1352 925 1418 biduum
944 1352 991 1416 ita
1009 1352 1087 1418 ieiu-

128 1464 193 1507 nus
215 1441 358 1526 fuissem,
379 1444 417 1506 66
434 1463 476 1506 66
494 1463 612 1526 aquam
631 1442 759 1526 quidem
778 1445 954 1527 gustarem:
978 1441 1086 1526 itaque

129 1530 296 1596 confectus
323 1532 480 1616 languore
508 1535 542 1595 66
571 1530 657 1595 fame
688 1530 792 1616 magis
819 1533 912 1594 tuum
944 1529 1084 1596 officium

129 1619 322 1704 desideravi,
350 1640 447 1704 quam
477 1641 497 1684 a
518 1622 551 1684 te
573 1619 693 1703 requiri
714 1619 826 1704 putavi
852 1639 969 1684 meum.
1013 1617 1086 1704 Ego

129 1712 240 1773 autem
263 1729 362 1792 quum
384 1729 496 1773 omues
518 1709 649 1774 morbos
667 1707 887 1791 reformidat
887 1728 943 1772 um
964 1708 1000 1772 66
1023 1729 1086 1791 quo

129 1796 308 1881 Epicurum
334 1801 428 1862 tuum
455 1794 555 1862 Stoici
581 1797 665 1860 male
693 1797 867 1901 accipiunt,
899 1795 974 1879 quia
1001 1796 1089 1860 dicat

131 1879 383 1965 στραγγουρικὰ
406 1880 463 1946 καὶ
490 1879 710 1963 δυσεντερικὰ
739 1880 832 1962 πάθη
859 1883 921 1948 6161
951 1885 1088 1949 molesta

129 1994 216 2056 6666,
242 1994 379 2057 quorum
406 1973 453 2038 616
439 1976 545 2038 66666
572 1973 721 2038 morbum
743 1971 911 2036 edacitatis
938 1993 1008 2037 6666
1030 1995 1088 2056 pu·

128 2065 214 2145 tant,
238 2063 375 2128 alterum
398 2062 496 2127 etiam
518 2060 671 2144 turpioris
690 2060 966 2144 intemperantiae.
1004 2058 1087 2126 Sane

130 2147 353 2244 δυσεντερίαι)
383 2150 625 2235 pertimerem,
658 2149 714 2214 sed
745 2149 814 2213 6166
846 2152 896 2214 666
926 2147 1006 2212 mihi
1036 2149 1089 2214 661

129 2238 197 2303 1661
217 2222 354 2304 66666616
377 2240 429 2305 661
450 2239 552 2304 animi
569 2238 668 2302 etiam
685 2236 840 2302 relaxatio
859 2237 940 2302 661
929 2258 1002 2321 ipsa
1023 2236 1088 2303 for·

130 2327 251 2392 tasse
241 2348 307 2393 ram
330 2328 526 2394 senescentis
549 2326 654 2393 morbi
672 2325 818 2392 remissio
837 2325 1007 2410 profuisse.
1038 2324 1123 2395 Aca

130 2417 257 2498 tamen,
283 2437 325 2482 66
352 2417 480 2500 mirere,
511 2417 596 2481 unde
623 2416 686 2481 hoc
709 2415 860 2480 acciderit
845 2414 1088 2499 tquomodove

130 2505 356 2589 commiserim,
377 2506 429 2570 lex
451 2505 660 2589 sumptuaria,
683 2525 764 2588 quae
784 2504 912 2568 videtur
934 2501 1089 2583 λιτότητα

131 2593 293 2676 666611666,
320 2615 358 2658 66
389 2593 470 2658 mihi
495 2593 602 2658 fraudi
629 2593 701 2658 1616.
745 2590 844 2676 Nam,
871 2592 948 2657 dum
975 2592 1089 2657 volunt

130 2681 188 2745 isti
214 2682 296 2746 lauti
321 2685 408 2746 terra
435 2685 526 2765 nata,
558 2703 639 2766 quae
670 2682 741 2766 lege
774 2684 907 2764 excepta
933 2683 1023 2763 sunt,
1053 2680 1089 2744 16

129 2770 290 2835 honorem
314 2770 480 2855 adducere,
501 2771 631 2856 fungos,
648 2769 813 2855 heluellas,
835 2768 952 2832 herbas
975 2789 1088 2869 omnes

129 2858 180 2922 166
207 2858 376 2944 condiunt,
348 2862 441 2924 tut
466 2859 548 2924 nihil
574 2858 680 2943 possit
706 2878 775 2922 esse
803 2857 945 2923 suavius.
971 2856 1007 2920 in
1035 2878 1089 2921 eas

130 2969 233 3030 quum
255 2910 470 3012 incidissem
461 2969 496 3012 m
519 2969 619 3012 coena
637 2946 785 3032 augurali
803 2946 889 3030 apud
906 2944 991 3010 Lent
976 2945 1089 3046 tulum,

130 3039 226 3099 tanta
253 3057 304 3101 me
331 3033 487 3116 διάρροια
515 3035 664 3119 arripuit,
690 3036 729 3099 ut
754 3033 849 3100 hodie
877 3034 1016 3118 primum
1043 3033 1088 3096 61-

131 3123 247 3188 deatur
269 3123 412 3226 coepisse
436 3125 618 3189 consistere.
654 3122 707 3188 Ite
729 3144 800 3209 ego,
823 3123 878 3207 qui
900 3143 951 3186 me
974 3120 1088 3186 ostreis

130 3215 166 3276 et
188 3213 351 3278 muraenis
372 3212 468 3277 facile
495 3213 710 3297 abstinebam,
737 3234 757 3276 a
779 3213 855 3296 beta
882 3214 915 3276 66
941 3232 961 3274 a
982 3209 1089 3274 malva

132 3300 285 3384 deceptus
308 3323 394 3386 sum,
416 3302 583 3385 posthac
574 3301 636 3387 rgit
636 3324 675 3366 ur
697 3301 815 3367 erimus
839 3299 1006 3398 cautiores.
1038 3296 1089 3363 Tu

131 3391 252 3474 temen,
275 3411 374 3474 quum
397 3390 540 3456 audisses
563 3390 604 3455 ab
627 3389 806 3456 Anicio-
825 3387 906 3454 vidit
928 3385 1014 3451 enim
1036 3407 1088 3450 me

130 3483 402 3544 nauseantem·
402 3501 502 3564 ,non
524 3479 620 3544 modo
643 3479 717 3544 mitt
703 3477 793 3543 tendi
816 3497 947 3540 oausam
969 3474 1088 3538 iustam

130 3564 284 3650 habuisti,
307 3567 484 3633 sedetiam
501 3567 638 3632 visendi:
662 3587 722 3652 ego
741 3565 794 3630 hic
817 3563 925 3649 cogito
948 3583 1087 3627 commo·
