<?xml version="1.0" encoding="UTF-8"?>
<!DOCTYPE html PUBLIC "-//W3C//DTD XHTML 1.0 Transitional//EN"
    "http://www.w3.org/TR/xhtml1/DTD/xhtml1-transitional.dtd">
<html xmlns="http://www.w3.org/1999/xhtml" xml:lang="en" lang="en">
 <head>
  <title>
</title>
<meta http-equiv="Content-Type" content="text/html;charset=utf-8" />
  <meta name='ocr-system' content='tesseract 3.04.00' />
  <meta name='ocr-capabilities' content='ocr_page ocr_carea ocr_par ocr_line ocrx_word'/>
</head>
<body>
  <div class='ocr_page' id='page_1' title='image "./epistolae00wesegoog_0291.png"; bbox 0 0 2676 3984; ppageno 0'>
   <div class='ocr_carea' id='block_1_1' title="bbox 440 235 1113 300">
    <p class='ocr_par' dir='ltr' id='par_1_1' title="bbox 440 235 1113 300">
     <span class='ocr_line' id='line_1_1' title="bbox 440 235 1113 300; baseline 0.009 -6"><span class='ocrx_word' id='word_1_1' title='bbox 440 238 699 295; x_wconf 79' lang='lat' dir='ltr'><strong>EPISTOLARUM</strong></span> <span class='ocrx_word' id='word_1_2' title='bbox 717 237 764 294; x_wconf 79' lang='lat' dir='ltr'>lx.</span> <span class='ocrx_word' id='word_1_3' title='bbox 786 245 826 294; x_wconf 77' lang='lat'>16.</span> <span class='ocrx_word' id='word_1_4' title='bbox 1048 235 1113 300; x_wconf 76' lang='grc'>279</span> 
     </span>
    </p>
   </div>
   <div class='ocr_carea' id='block_1_2' title="bbox 156 381 1180 3031">
    <p class='ocr_par' dir='ltr' id='par_1_2' title="bbox 156 381 1180 3031">
     <span class='ocr_line' id='line_1_2' title="bbox 156 381 1151 469; baseline -0.007 -20"><span class='ocrx_word' id='word_1_5' title='bbox 156 405 352 469; x_wconf 66' lang='lat' dir='ltr'>recusarem</span> <span class='ocrx_word' id='word_1_6' title='bbox 384 382 440 450; x_wconf 87' lang='lat' dir='ltr'>sed</span> <span class='ocrx_word' id='word_1_7' title='bbox 471 387 581 448; x_wconf 69' lang='lat' dir='ltr'>iumen</span> <span class='ocrx_word' id='word_1_8' title='bbox 607 385 677 468; x_wconf 89' lang='lat' dir='ltr'>ipse</span> <span class='ocrx_word' id='word_1_9' title='bbox 705 381 824 448; x_wconf 83' lang='lat' dir='ltr'>Oeesar</span> <span class='ocrx_word' id='word_1_10' title='bbox 853 382 954 448; x_wconf 74' lang='lat' dir='ltr'>hebel</span> <span class='ocrx_word' id='word_1_11' title='bbox 983 392 1151 466; x_wconf 69' lang='lat' dir='ltr'>peruerse</span> 
     </span>
     <span class='ocr_line' id='line_1_3' title="bbox 157 470 1115 557; baseline -0.003 -20"><span class='ocrx_word' id='word_1_12' title='bbox 157 472 325 555; x_wconf 82' lang='lat' dir='ltr'>iudicium,</span> <span class='ocrx_word' id='word_1_13' title='bbox 347 475 393 556; x_wconf 77' lang='lat' dir='ltr'>ei,</span> <span class='ocrx_word' id='word_1_14' title='bbox 414 475 452 536; x_wconf 79' lang='lat' dir='ltr'>ui</span> <span class='ocrx_word' id='word_1_15' title='bbox 475 470 617 557; x_wconf 82' lang='lat' dir='ltr'>Servius,</span> <span class='ocrx_word' id='word_1_16' title='bbox 638 473 739 536; x_wconf 77' lang='lat' dir='ltr'>freter</span> <span class='ocrx_word' id='word_1_17' title='bbox 760 475 849 556; x_wconf 72' lang='lat' dir='ltr'>tuus,</span> <span class='ocrx_word' id='word_1_18' title='bbox 877 492 972 556; x_wconf 89' lang='lat' dir='ltr'>quem</span> <span class='ocrx_word' id='word_1_19' title='bbox 993 471 1115 534; x_wconf 76' lang='lat' dir='ltr'>litiera-</span> 
     </span>
     <span class='ocr_line' id='line_1_4' title="bbox 157 560 1115 645; baseline -0.004 -19"><span class='ocrx_word' id='word_1_20' title='bbox 157 561 320 626; x_wconf 79' lang='lat' dir='ltr'><strong>tissimum</strong></span> <span class='ocrx_word' id='word_1_21' title='bbox 346 561 446 625; x_wconf 86' lang='lat' dir='ltr'>fuisse</span> <span class='ocrx_word' id='word_1_22' title='bbox 472 560 592 645; x_wconf 81' lang='lat' dir='ltr'>iudico,</span> <span class='ocrx_word' id='word_1_23' title='bbox 622 560 718 624; x_wconf 74' lang='lat' dir='ltr'>focile</span> <span class='ocrx_word' id='word_1_24' title='bbox 744 560 876 625; x_wconf 79' lang='lat' dir='ltr'>diceret:</span> <span class='ocrx_word' id='word_1_25' title='bbox 907 560 978 643; x_wconf 85' lang='lat' dir='ltr'>„hio</span> <span class='ocrx_word' id='word_1_26' title='bbox 1004 580 1115 625; x_wconf 85' lang='lat' dir='ltr'>versus</span> 
     </span>
     <span class='ocr_line' id='line_1_5' title="bbox 158 647 1117 733; baseline -0.003 -20"><span class='ocrx_word' id='word_1_27' title='bbox 158 647 267 714; x_wconf 77' lang='lat' dir='ltr'>Plauti</span> <span class='ocrx_word' id='word_1_28' title='bbox 290 670 357 713; x_wconf 93' lang='lat' dir='ltr'>non</span> <span class='ocrx_word' id='word_1_29' title='bbox 379 652 437 733; x_wconf 77' lang='lat' dir='ltr'>est,</span> <span class='ocrx_word' id='word_1_30' title='bbox 458 649 512 713; x_wconf 87' lang='lat' dir='ltr'>hio</span> <span class='ocrx_word' id='word_1_31' title='bbox 535 647 615 732; x_wconf 67' lang='lat' dir='ltr'>esd‘,</span> <span class='ocrx_word' id='word_1_32' title='bbox 642 649 727 733; x_wconf 91' lang='lat' dir='ltr'>quod</span> <span class='ocrx_word' id='word_1_33' title='bbox 750 649 844 714; x_wconf 77' lang='lat' dir='ltr'>tritus</span> <span class='ocrx_word' id='word_1_34' title='bbox 866 669 960 713; x_wconf 84' lang='lat' dir='ltr'>eures</span> <span class='ocrx_word' id='word_1_35' title='bbox 981 647 1117 712; x_wconf 78' lang='lat' dir='ltr'>haberet</span> 
     </span>
     <span class='ocr_line' id='line_1_6' title="bbox 159 736 1116 823; baseline -0.002 -21"><span class='ocrx_word' id='word_1_36' title='bbox 159 736 313 802; x_wconf 76' lang='lat' dir='ltr'>nolendis</span> <span class='ocrx_word' id='word_1_37' title='bbox 345 738 516 823; x_wconf 81' lang='lat' dir='ltr'>generibus</span> <span class='ocrx_word' id='word_1_38' title='bbox 548 741 718 822; x_wconf 63' lang='lat' dir='ltr'>poetarum</span> <span class='ocrx_word' id='word_1_39' title='bbox 749 741 782 801; x_wconf 73' lang='lat' dir='ltr'>el</span> <span class='ocrx_word' id='word_1_40' title='bbox 813 736 1044 803; x_wconf 79' lang='lat' dir='ltr'>consuetudine</span> <span class='ocrx_word' id='word_1_41' title='bbox 1072 736 1116 800; x_wconf 88' lang='lat' dir='ltr'>le·</span> 
     </span>
     <span class='ocr_line' id='line_1_7' title="bbox 161 823 1118 910; baseline 0 -22"><span class='ocrx_word' id='word_1_42' title='bbox 161 824 271 910; x_wconf 79' lang='lat' dir='ltr'>gendi,</span> <span class='ocrx_word' id='word_1_43' title='bbox 304 825 350 889; x_wconf 88' lang='lat' dir='ltr'>sie</span> <span class='ocrx_word' id='word_1_44' title='bbox 381 826 476 891; x_wconf 83' lang='lat' dir='ltr'>audio</span> <span class='ocrx_word' id='word_1_45' title='bbox 509 823 693 909; x_wconf 77' lang='lat' dir='ltr'>Gaesarem,</span> <span class='ocrx_word' id='word_1_46' title='bbox 725 847 824 910; x_wconf 89' lang='lat' dir='ltr'>quum</span> <span class='ocrx_word' id='word_1_47' title='bbox 854 825 1021 901; x_wconf 75' lang='lat' dir='ltr'>volumius</span> <span class='ocrx_word' id='word_1_48' title='bbox 1051 824 1118 888; x_wconf 84' lang='lat' dir='ltr'>iam</span> 
     </span>
     <span class='ocr_line' id='line_1_8' title="bbox 160 907 1117 998; baseline -0.002 -19"><span class='ocrx_word' id='word_1_49' title='bbox 160 912 336 980; x_wconf 78' lang='lat' dir='ltr'>confecerit</span> <span class='ocrx_word' id='word_1_50' title='bbox 354 907 639 994; x_wconf 74' lang='grc' dir='ltr'><em>ἀποφθεγμάτων,</em></span> <span class='ocrx_word' id='word_1_51' title='bbox 663 915 691 978; x_wconf 92' lang='lat' dir='ltr'>si</span> <span class='ocrx_word' id='word_1_52' title='bbox 710 915 795 998; x_wconf 91' lang='lat' dir='ltr'>quod</span> <span class='ocrx_word' id='word_1_53' title='bbox 814 913 966 979; x_wconf 77' lang='lat' dir='ltr'>efferetur</span> <span class='ocrx_word' id='word_1_54' title='bbox 984 913 1026 978; x_wconf 81' lang='lat' dir='ltr'>ud</span> <span class='ocrx_word' id='word_1_55' title='bbox 1042 934 1117 978; x_wconf 84' lang='lat' dir='ltr'>eum</span> 
     </span>
     <span class='ocr_line' id='line_1_9' title="bbox 160 1000 1118 1086; baseline 0 -20"><span class='ocrx_word' id='word_1_56' title='bbox 160 1023 220 1086; x_wconf 87' lang='lat' dir='ltr'>pro</span> <span class='ocrx_word' id='word_1_57' title='bbox 244 1022 325 1086; x_wconf 89' lang='lat' dir='ltr'>meo,</span> <span class='ocrx_word' id='word_1_58' title='bbox 348 1000 434 1085; x_wconf 91' lang='lat' dir='ltr'>quod</span> <span class='ocrx_word' id='word_1_59' title='bbox 455 1021 564 1066; x_wconf 89' lang='lat' dir='ltr'>meum</span> <span class='ocrx_word' id='word_1_60' title='bbox 585 1003 723 1086; x_wconf 78' lang='lat' dir='ltr'>nonsit,</span> <span class='ocrx_word' id='word_1_61' title='bbox 745 1003 875 1067; x_wconf 86' lang='lat' dir='ltr'>reiicere</span> <span class='ocrx_word' id='word_1_62' title='bbox 894 1004 1008 1085; x_wconf 76' lang='lat' dir='ltr'>solere3</span> <span class='ocrx_word' id='word_1_63' title='bbox 1032 1001 1118 1085; x_wconf 89' lang='lat' dir='ltr'>quod</span> 
     </span>
     <span class='ocr_line' id='line_1_10' title="bbox 161 1089 1119 1174; baseline 0 -20"><span class='ocrx_word' id='word_1_64' title='bbox 161 1111 199 1155; x_wconf 89' lang='lat' dir='ltr'>eo</span> <span class='ocrx_word' id='word_1_65' title='bbox 222 1110 311 1154; x_wconf 85' lang='lat' dir='ltr'>nuno</span> <span class='ocrx_word' id='word_1_66' title='bbox 332 1089 437 1174; x_wconf 81' lang='lat' dir='ltr'>magis</span> <span class='ocrx_word' id='word_1_67' title='bbox 459 1089 547 1173; x_wconf 77' lang='lat' dir='ltr'>feeit,</span> <span class='ocrx_word' id='word_1_68' title='bbox 570 1089 646 1174; x_wconf 84' lang='lat' dir='ltr'>quia</span> <span class='ocrx_word' id='word_1_69' title='bbox 668 1091 782 1155; x_wconf 73' lang='lat' dir='ltr'>vivunt</span> <span class='ocrx_word' id='word_1_70' title='bbox 798 1112 929 1155; x_wconf 54' lang='lat' dir='ltr'>‘meeum</span> <span class='ocrx_word' id='word_1_71' title='bbox 950 1091 1017 1154; x_wconf 85' lang='lat' dir='ltr'>fere</span> <span class='ocrx_word' id='word_1_72' title='bbox 1041 1111 1119 1172; x_wconf 88' lang='lat' dir='ltr'>quo·</span> 
     </span>
     <span class='ocr_line' id='line_1_11' title="bbox 160 1177 1118 1259; baseline -0.001 -17"><span class='ocrx_word' id='word_1_73' title='bbox 160 1177 239 1242; x_wconf 79' lang='lat' dir='ltr'>tidie</span> <span class='ocrx_word' id='word_1_74' title='bbox 266 1178 353 1243; x_wconf 91' lang='lat' dir='ltr'>illius</span> <span class='ocrx_word' id='word_1_75' title='bbox 379 1177 569 1259; x_wconf 79' lang='lat' dir='ltr'>familiares3</span> <span class='ocrx_word' id='word_1_76' title='bbox 599 1178 748 1243; x_wconf 77' lang='lat' dir='ltr'>incidunt</span> <span class='ocrx_word' id='word_1_77' title='bbox 774 1182 882 1244; x_wconf 80' lang='lat' dir='ltr'>eutem</span> <span class='ocrx_word' id='word_1_78' title='bbox 908 1178 944 1243; x_wconf 92' lang='lat' dir='ltr'>in</span> <span class='ocrx_word' id='word_1_79' title='bbox 971 1199 1118 1242; x_wconf 85' lang='lat' dir='ltr'>sermone</span> 
     </span>
     <span class='ocr_line' id='line_1_12' title="bbox 161 1265 1119 1352; baseline 0 -22"><span class='ocrx_word' id='word_1_80' title='bbox 161 1266 252 1332; x_wconf 82' lang='lat' dir='ltr'>vario</span> <span class='ocrx_word' id='word_1_81' title='bbox 284 1265 400 1351; x_wconf 80' lang='lat' dir='ltr'>multu,</span> <span class='ocrx_word' id='word_1_82' title='bbox 432 1287 513 1351; x_wconf 83' lang='lat' dir='ltr'>quae</span> <span class='ocrx_word' id='word_1_83' title='bbox 540 1266 678 1332; x_wconf 80' lang='lat' dir='ltr'>fortasse</span> <span class='ocrx_word' id='word_1_84' title='bbox 706 1267 787 1351; x_wconf 85' lang='lat' dir='ltr'>illis,</span> <span class='ocrx_word' id='word_1_85' title='bbox 819 1288 918 1352; x_wconf 90' lang='lat' dir='ltr'>quum</span> <span class='ocrx_word' id='word_1_86' title='bbox 949 1266 1028 1350; x_wconf 86' lang='lat' dir='ltr'>dixi,</span> <span class='ocrx_word' id='word_1_87' title='bbox 1059 1287 1119 1330; x_wconf 87' lang='lat' dir='ltr'>neo</span> 
     </span>
     <span class='ocr_line' id='line_1_13' title="bbox 162 1353 1120 1440; baseline -0.001 -21"><span class='ocrx_word' id='word_1_88' title='bbox 162 1353 331 1420; x_wconf 74' lang='lat' dir='ltr'>illitterata</span> <span class='ocrx_word' id='word_1_89' title='bbox 352 1375 413 1420; x_wconf 88' lang='lat' dir='ltr'>neo</span> <span class='ocrx_word' id='word_1_90' title='bbox 435 1355 558 1420; x_wconf 85' lang='lat' dir='ltr'>insulse</span> <span class='ocrx_word' id='word_1_91' title='bbox 576 1375 645 1419; x_wconf 87' lang='lat' dir='ltr'>esse</span> <span class='ocrx_word' id='word_1_92' title='bbox 663 1355 845 1440; x_wconf 72' lang='lat' dir='ltr'>videantur3</span> <span class='ocrx_word' id='word_1_93' title='bbox 866 1355 947 1422; x_wconf 72' lang='lat' dir='ltr'>haee</span> <span class='ocrx_word' id='word_1_94' title='bbox 969 1354 1010 1419; x_wconf 86' lang='lat' dir='ltr'>ad</span> <span class='ocrx_word' id='word_1_95' title='bbox 1027 1355 1120 1419; x_wconf 90' lang='lat' dir='ltr'>illum</span> 
     </span>
     <span class='ocr_line' id='line_1_14' title="bbox 162 1443 1119 1529; baseline -0.001 -21"><span class='ocrx_word' id='word_1_96' title='bbox 162 1464 237 1508; x_wconf 87' lang='lat' dir='ltr'>oum</span> <span class='ocrx_word' id='word_1_97' title='bbox 267 1443 398 1528; x_wconf 89' lang='lat' dir='ltr'>reliquis</span> <span class='ocrx_word' id='word_1_98' title='bbox 430 1443 510 1508; x_wconf 74' lang='lat' dir='ltr'>uotis</span> <span class='ocrx_word' id='word_1_99' title='bbox 546 1443 752 1528; x_wconf 77' lang='lat' dir='ltr'>perferuntur</span> <span class='ocrx_word' id='word_1_100' title='bbox 782 1481 827 1492; x_wconf 86' lang='lat'>-</span> <span class='ocrx_word' id='word_1_101' title='bbox 857 1444 904 1509; x_wconf 78' lang='lat' dir='ltr'>iu</span> <span class='ocrx_word' id='word_1_102' title='bbox 935 1444 1021 1508; x_wconf 89' lang='lat' dir='ltr'>enim</span> <span class='ocrx_word' id='word_1_103' title='bbox 1049 1443 1119 1529; x_wconf 86' lang='lat' dir='ltr'>ipse</span> 
     </span>
     <span class='ocr_line' id='line_1_15' title="bbox 162 1531 1121 1618; baseline 0 -22"><span class='ocrx_word' id='word_1_104' title='bbox 162 1531 331 1598; x_wconf 77' lang='lat' dir='ltr'>mandevit</span> <span class='ocrx_word' id='word_1_105' title='bbox 351 1553 408 1595; x_wconf 75' lang='grc' dir='ltr'>-ε</span> <span class='ocrx_word' id='word_1_106' title='bbox 431 1532 478 1596; x_wconf 88' lang='lat' dir='ltr'>sio</span> <span class='ocrx_word' id='word_1_107' title='bbox 499 1531 550 1616; x_wconf 75' lang='lat' dir='ltr'>fit,</span> <span class='ocrx_word' id='word_1_108' title='bbox 580 1535 631 1618; x_wconf 77' lang='lat' dir='ltr'>nl,</span> <span class='ocrx_word' id='word_1_109' title='bbox 658 1534 687 1598; x_wconf 91' lang='lat' dir='ltr'>si</span> <span class='ocrx_word' id='word_1_110' title='bbox 714 1532 791 1618; x_wconf 92' lang='lat' dir='ltr'>quid</span> <span class='ocrx_word' id='word_1_111' title='bbox 813 1537 979 1618; x_wconf 71' lang='lat' dir='ltr'>praeterea</span> <span class='ocrx_word' id='word_1_112' title='bbox 1006 1531 1046 1596; x_wconf 89' lang='lat' dir='ltr'>de</span> <span class='ocrx_word' id='word_1_113' title='bbox 1067 1552 1121 1596; x_wconf 87' lang='lat' dir='ltr'>me</span> 
     </span>
     <span class='ocr_line' id='line_1_16' title="bbox 163 1618 1121 1706; baseline 0 -21"><span class='ocrx_word' id='word_1_114' title='bbox 163 1619 288 1704; x_wconf 77' lang='lat' dir='ltr'>audiet,</span> <span class='ocrx_word' id='word_1_115' title='bbox 314 1641 383 1685; x_wconf 89' lang='lat' dir='ltr'>non</span> <span class='ocrx_word' id='word_1_116' title='bbox 411 1619 607 1686; x_wconf 80' lang='lat' dir='ltr'>audiendum</span> <span class='ocrx_word' id='word_1_117' title='bbox 628 1625 729 1706; x_wconf 73' lang='lat' dir='ltr'>pulei.</span> <span class='ocrx_word' id='word_1_118' title='bbox 774 1621 990 1698; x_wconf 81' lang='lat' dir='ltr'><strong>Quamobrem</strong></span> <span class='ocrx_word' id='word_1_119' title='bbox 1016 1618 1121 1685; x_wconf 90' lang='lat' dir='ltr'>Oeno-</span> 
     </span>
     <span class='ocr_line' id='line_1_17' title="bbox 163 1707 1121 1794; baseline 0 -22"><span class='ocrx_word' id='word_1_120' title='bbox 163 1729 237 1774; x_wconf 80' lang='lat' dir='ltr'>mao</span> <span class='ocrx_word' id='word_1_121' title='bbox 260 1711 318 1773; x_wconf 80' lang='lat' dir='ltr'>tuo</span> <span class='ocrx_word' id='word_1_122' title='bbox 341 1707 424 1773; x_wconf 89' lang='lat' dir='ltr'>nihil</span> <span class='ocrx_word' id='word_1_123' title='bbox 447 1711 534 1792; x_wconf 75' lang='lat' dir='ltr'>uior3</span> <span class='ocrx_word' id='word_1_124' title='bbox 557 1709 618 1774; x_wconf 71' lang='lat' dir='ltr'>elsi</span> <span class='ocrx_word' id='word_1_125' title='bbox 639 1710 777 1794; x_wconf 71' lang='lat' dir='ltr'>posuisti</span> <span class='ocrx_word' id='word_1_126' title='bbox 799 1711 870 1775; x_wconf 89' lang='lat' dir='ltr'>loeo</span> <span class='ocrx_word' id='word_1_127' title='bbox 889 1731 1001 1776; x_wconf 83' lang='lat' dir='ltr'>versus</span> <span class='ocrx_word' id='word_1_128' title='bbox 1015 1708 1121 1773; x_wconf 73' lang='lat' dir='ltr'>Aelia-</span> 
     </span>
     <span class='ocr_line' id='line_1_18' title="bbox 163 1796 1157 1883; baseline 0 -23"><span class='ocrx_word' id='word_1_129' title='bbox 163 1817 239 1881; x_wconf 83' lang='lat' dir='ltr'>nos3</span> <span class='ocrx_word' id='word_1_130' title='bbox 266 1797 323 1862; x_wconf 86' lang='lat' dir='ltr'>sed</span> <span class='ocrx_word' id='word_1_131' title='bbox 346 1817 427 1880; x_wconf 81' lang='lat' dir='ltr'>quoe</span> <span class='ocrx_word' id='word_1_132' title='bbox 455 1800 505 1862; x_wconf 74' lang='lat' dir='ltr'>esi</span> <span class='ocrx_word' id='word_1_133' title='bbox 530 1796 708 1881; x_wconf 76' lang='lat' dir='ltr'>,invidia“?</span> <span class='ocrx_word' id='word_1_134' title='bbox 741 1802 798 1863; x_wconf 78' lang='lat' dir='ltr'>aut</span> <span class='ocrx_word' id='word_1_135' title='bbox 824 1798 900 1883; x_wconf 90' lang='lat' dir='ltr'>quid</span> <span class='ocrx_word' id='word_1_136' title='bbox 927 1797 1008 1862; x_wconf 90' lang='lat' dir='ltr'>mihi</span> <span class='ocrx_word' id='word_1_137' title='bbox 1033 1808 1157 1862; x_wconf 74' lang='lat' dir='ltr'>nuncu</span> 
     </span>
     <span class='ocr_line' id='line_1_19' title="bbox 163 1884 1121 1969; baseline 0 -19"><span class='ocrx_word' id='word_1_138' title='bbox 163 1885 301 1950; x_wconf 88' lang='lat' dir='ltr'>invideri</span> <span class='ocrx_word' id='word_1_139' title='bbox 322 1884 452 1969; x_wconf 74' lang='lat' dir='ltr'>potest?</span> <span class='ocrx_word' id='word_1_140' title='bbox 496 1884 619 1950; x_wconf 89' lang='lat' dir='ltr'>Verum</span> <span class='ocrx_word' id='word_1_141' title='bbox 645 1886 699 1951; x_wconf 83' lang='lat' dir='ltr'>feo</span> <span class='ocrx_word' id='word_1_142' title='bbox 720 1887 742 1967; x_wconf 93' lang='lat'>†</span> <span class='ocrx_word' id='word_1_143' title='bbox 761 1907 829 1952; x_wconf 88' lang='lat' dir='ltr'>esse</span> <span class='ocrx_word' id='word_1_144' title='bbox 853 1887 974 1951; x_wconf 81' lang='lat' dir='ltr'>omnio:</span> <span class='ocrx_word' id='word_1_145' title='bbox 1007 1886 1053 1950; x_wconf 87' lang='lat' dir='ltr'>sio</span> <span class='ocrx_word' id='word_1_146' title='bbox 1074 1885 1121 1950; x_wconf 82' lang='lat' dir='ltr'>vi·</span> 
     </span>
     <span class='ocr_line' id='line_1_20' title="bbox 164 1972 1122 2059; baseline -0.001 -22"><span class='ocrx_word' id='word_1_147' title='bbox 164 1973 225 2039; x_wconf 90' lang='lat' dir='ltr'>deo</span> <span class='ocrx_word' id='word_1_148' title='bbox 247 1973 451 2059; x_wconf 88' lang='lat' dir='ltr'>philosophis</span> <span class='ocrx_word' id='word_1_149' title='bbox 468 1974 627 2058; x_wconf 81' lang='lat' dir='ltr'>placuisse</span> <span class='ocrx_word' id='word_1_150' title='bbox 645 1974 695 2058; x_wconf 89' lang='lat' dir='ltr'>iis,</span> <span class='ocrx_word' id='word_1_151' title='bbox 718 1974 773 2059; x_wconf 91' lang='lat' dir='ltr'>qui</span> <span class='ocrx_word' id='word_1_152' title='bbox 790 1972 870 2040; x_wconf 89' lang='lat' dir='ltr'>mihi</span> <span class='ocrx_word' id='word_1_153' title='bbox 893 1973 954 2039; x_wconf 92' lang='lat' dir='ltr'>soli</span> <span class='ocrx_word' id='word_1_154' title='bbox 971 1973 1122 2038; x_wconf 71' lang='lat' dir='ltr'>videnum</span> 
     </span>
     <span class='ocr_line' id='line_1_21' title="bbox 164 2061 1180 2147; baseline -0.001 -21"><span class='ocrx_word' id='word_1_155' title='bbox 164 2062 230 2126; x_wconf 84' lang='lat' dir='ltr'>vim</span> <span class='ocrx_word' id='word_1_156' title='bbox 257 2062 386 2128; x_wconf 69' lang='lat' dir='ltr'>vitullis</span> <span class='ocrx_word' id='word_1_157' title='bbox 412 2065 535 2146; x_wconf 73' lang='lat' dir='ltr'>tenere,</span> <span class='ocrx_word' id='word_1_158' title='bbox 566 2061 648 2126; x_wconf 89' lang='lat' dir='ltr'>nihil</span> <span class='ocrx_word' id='word_1_159' title='bbox 675 2083 744 2127; x_wconf 86' lang='lat' dir='ltr'>esse</span> <span class='ocrx_word' id='word_1_160' title='bbox 772 2063 926 2147; x_wconf 73' lang='lat' dir='ltr'>sepientis</span> <span class='ocrx_word' id='word_1_161' title='bbox 957 2065 1121 2147; x_wconf 74' lang='lat' dir='ltr'>praestare</span> <span class='ocrx_word' id='word_1_162' title='bbox 1175 2079 1180 2089; x_wconf 93' lang='lat'>·</span> 
     </span>
     <span class='ocr_line' id='line_1_22' title="bbox 165 2149 1123 2236; baseline -0.003 -20"><span class='ocrx_word' id='word_1_163' title='bbox 165 2149 229 2216; x_wconf 77' lang='lat' dir='ltr'>nisi</span> <span class='ocrx_word' id='word_1_164' title='bbox 256 2152 397 2234; x_wconf 83' lang='lat' dir='ltr'>eulpam,</span> <span class='ocrx_word' id='word_1_165' title='bbox 424 2172 489 2234; x_wconf 78' lang='lat' dir='ltr'>que</span> <span class='ocrx_word' id='word_1_166' title='bbox 510 2150 591 2215; x_wconf 90' lang='lat' dir='ltr'>mihi</span> <span class='ocrx_word' id='word_1_167' title='bbox 618 2150 729 2216; x_wconf 85' lang='lat' dir='ltr'>videor</span> <span class='ocrx_word' id='word_1_168' title='bbox 755 2150 924 2236; x_wconf 68' lang='lat' dir='ltr'>dupliciter</span> <span class='ocrx_word' id='word_1_169' title='bbox 946 2171 1066 2232; x_wconf 83' lang='lat' dir='ltr'>oerore,</span> <span class='ocrx_word' id='word_1_170' title='bbox 1089 2153 1123 2214; x_wconf 77' lang='lat' dir='ltr'>et</span> 
     </span>
     <span class='ocr_line' id='line_1_23' title="bbox 165 2237 1123 2324; baseline -0.003 -20"><span class='ocrx_word' id='word_1_171' title='bbox 165 2237 253 2322; x_wconf 90' lang='lat' dir='ltr'>quod</span> <span class='ocrx_word' id='word_1_172' title='bbox 271 2260 309 2304; x_wconf 83' lang='lat' dir='ltr'>ea</span> <span class='ocrx_word' id='word_1_173' title='bbox 327 2238 491 2324; x_wconf 80' lang='lat' dir='ltr'>senserim,</span> <span class='ocrx_word' id='word_1_174' title='bbox 513 2261 595 2323; x_wconf 83' lang='lat' dir='ltr'>ques</span> <span class='ocrx_word' id='word_1_175' title='bbox 612 2239 792 2304; x_wconf 72' lang='lat' dir='ltr'>rectissima</span> <span class='ocrx_word' id='word_1_176' title='bbox 808 2239 949 2322; x_wconf 69' lang='lat' dir='ltr'>fuerunt,</span> <span class='ocrx_word' id='word_1_177' title='bbox 971 2240 1005 2304; x_wconf 73' lang='lat' dir='ltr'>ei</span> <span class='ocrx_word' id='word_1_178' title='bbox 1027 2238 1123 2322; x_wconf 87' lang='lat' dir='ltr'>quod,</span> 
     </span>
     <span class='ocr_line' id='line_1_24' title="bbox 166 2326 1123 2413; baseline -0.001 -22"><span class='ocrx_word' id='word_1_179' title='bbox 166 2348 266 2411; x_wconf 88' lang='lat' dir='ltr'>quum</span> <span class='ocrx_word' id='word_1_180' title='bbox 288 2326 430 2392; x_wconf 81' lang='lat' dir='ltr'>viderem</span> <span class='ocrx_word' id='word_1_181' title='bbox 450 2327 603 2413; x_wconf 84' lang='lat' dir='ltr'>praesidii</span> <span class='ocrx_word' id='word_1_182' title='bbox 629 2349 700 2394; x_wconf 86' lang='lat' dir='ltr'>non</span> <span class='ocrx_word' id='word_1_183' title='bbox 721 2327 799 2394; x_wconf 77' lang='lat' dir='ltr'>selis</span> <span class='ocrx_word' id='word_1_184' title='bbox 823 2347 893 2393; x_wconf 86' lang='lat' dir='ltr'>esse</span> <span class='ocrx_word' id='word_1_185' title='bbox 915 2326 957 2392; x_wconf 78' lang='lat' dir='ltr'>ud</span> <span class='ocrx_word' id='word_1_186' title='bbox 980 2348 1019 2391; x_wconf 83' lang='lat' dir='ltr'>eu</span> <span class='ocrx_word' id='word_1_187' title='bbox 1040 2327 1123 2391; x_wconf 80' lang='lat' dir='ltr'>obti-</span> 
     </span>
     <span class='ocr_line' id='line_1_25' title="bbox 165 2415 1124 2498; baseline -0.005 -14"><span class='ocrx_word' id='word_1_188' title='bbox 165 2415 286 2498; x_wconf 79' lang='lat' dir='ltr'>nenda,</span> <span class='ocrx_word' id='word_1_189' title='bbox 316 2415 438 2481; x_wconf 83' lang='lat' dir='ltr'>viribus</span> <span class='ocrx_word' id='word_1_190' title='bbox 469 2416 658 2482; x_wconf 75' lang='lat' dir='ltr'>eerlundum</span> <span class='ocrx_word' id='word_1_191' title='bbox 687 2437 761 2481; x_wconf 86' lang='lat' dir='ltr'>oum</span> <span class='ocrx_word' id='word_1_192' title='bbox 790 2415 1023 2482; x_wconf 77' lang='lat' dir='ltr'>valentioribus</span> <span class='ocrx_word' id='word_1_193' title='bbox 1054 2436 1124 2480; x_wconf 92' lang='lat' dir='ltr'>non</span> 
     </span>
     <span class='ocr_line' id='line_1_26' title="bbox 165 2504 1123 2590; baseline 0 -22"><span class='ocrx_word' id='word_1_194' title='bbox 165 2504 320 2587; x_wconf 76' lang='lat' dir='ltr'>pulerim3</span> <span class='ocrx_word' id='word_1_195' title='bbox 347 2524 424 2590; x_wconf 81' lang='lat' dir='ltr'>ergo</span> <span class='ocrx_word' id='word_1_196' title='bbox 452 2504 488 2568; x_wconf 91' lang='lat' dir='ltr'>in</span> <span class='ocrx_word' id='word_1_197' title='bbox 510 2505 617 2570; x_wconf 87' lang='lat' dir='ltr'>offioio</span> <span class='ocrx_word' id='word_1_198' title='bbox 640 2505 719 2570; x_wconf 87' lang='lat' dir='ltr'>boui</span> <span class='ocrx_word' id='word_1_199' title='bbox 741 2505 820 2571; x_wconf 79' lang='lat' dir='ltr'>civis</span> <span class='ocrx_word' id='word_1_200' title='bbox 848 2508 933 2570; x_wconf 79' lang='lat' dir='ltr'>uerte</span> <span class='ocrx_word' id='word_1_201' title='bbox 954 2526 1025 2570; x_wconf 92' lang='lat' dir='ltr'>non</span> <span class='ocrx_word' id='word_1_202' title='bbox 1051 2525 1123 2569; x_wconf 90' lang='lat' dir='ltr'>sum</span> 
     </span>
     <span class='ocr_line' id='line_1_27' title="bbox 165 2590 1123 2679; baseline 0.002 -23"><span class='ocrx_word' id='word_1_203' title='bbox 165 2590 457 2676; x_wconf 85' lang='lat' dir='ltr'>reprehendendus.</span> <span class='ocrx_word' id='word_1_204' title='bbox 501 2592 675 2678; x_wconf 80' lang='lat' dir='ltr'>Reliquum</span> <span class='ocrx_word' id='word_1_205' title='bbox 697 2597 760 2679; x_wconf 80' lang='lat' dir='ltr'>est,</span> <span class='ocrx_word' id='word_1_206' title='bbox 782 2615 824 2658; x_wconf 89' lang='lat' dir='ltr'>ue</span> <span class='ocrx_word' id='word_1_207' title='bbox 847 2592 924 2677; x_wconf 90' lang='lat' dir='ltr'>quid</span> <span class='ocrx_word' id='word_1_208' title='bbox 947 2594 1059 2676; x_wconf 68' lang='lat' dir='ltr'>stulte,</span> <span class='ocrx_word' id='word_1_209' title='bbox 1081 2613 1123 2658; x_wconf 85' lang='lat' dir='ltr'>ne</span> 
     </span>
     <span class='ocr_line' id='line_1_28' title="bbox 166 2678 1124 2766; baseline 0 -22"><span class='ocrx_word' id='word_1_210' title='bbox 166 2678 244 2763; x_wconf 89' lang='lat' dir='ltr'>quid</span> <span class='ocrx_word' id='word_1_211' title='bbox 266 2683 386 2746; x_wconf 69' lang='lat' dir='ltr'>temere</span> <span class='ocrx_word' id='word_1_212' title='bbox 409 2681 513 2746; x_wconf 82' lang='lat' dir='ltr'>diuum</span> <span class='ocrx_word' id='word_1_213' title='bbox 539 2685 598 2747; x_wconf 75' lang='lat' dir='ltr'>eut</span> <span class='ocrx_word' id='word_1_214' title='bbox 618 2682 737 2746; x_wconf 79' lang='lat' dir='ltr'>faeiem</span> <span class='ocrx_word' id='word_1_215' title='bbox 759 2684 874 2747; x_wconf 72' lang='lat' dir='ltr'>conire</span> <span class='ocrx_word' id='word_1_216' title='bbox 899 2684 1064 2766; x_wconf 74' lang='lat' dir='ltr'>potentes3</span> <span class='ocrx_word' id='word_1_217' title='bbox 1089 2679 1124 2744; x_wconf 87' lang='lat' dir='ltr'>id</span> 
     </span>
     <span class='ocr_line' id='line_1_29' title="bbox 166 2769 1123 2854; baseline 0.001 -22"><span class='ocrx_word' id='word_1_218' title='bbox 166 2789 294 2852; x_wconf 90' lang='lat' dir='ltr'>quoque</span> <span class='ocrx_word' id='word_1_219' title='bbox 316 2773 396 2853; x_wconf 77' lang='lat' dir='ltr'>puio</span> <span class='ocrx_word' id='word_1_220' title='bbox 419 2789 488 2835; x_wconf 88' lang='lat' dir='ltr'>esse</span> <span class='ocrx_word' id='word_1_221' title='bbox 511 2771 679 2854; x_wconf 79' lang='lat' dir='ltr'>supieniis3</span> <span class='ocrx_word' id='word_1_222' title='bbox 702 2773 809 2835; x_wconf 78' lang='lat' dir='ltr'>uetere</span> <span class='ocrx_word' id='word_1_223' title='bbox 830 2789 915 2853; x_wconf 80' lang='lat' dir='ltr'>vero,</span> <span class='ocrx_word' id='word_1_224' title='bbox 938 2769 1015 2854; x_wconf 87' lang='lat' dir='ltr'>quid</span> <span class='ocrx_word' id='word_1_225' title='bbox 1038 2769 1123 2854; x_wconf 92' lang='lat' dir='ltr'>quis·</span> 
     </span>
     <span class='ocr_line' id='line_1_30' title="bbox 165 2857 1124 2943; baseline 0 -23"><span class='ocrx_word' id='word_1_226' title='bbox 165 2877 228 2939; x_wconf 89' lang='lat' dir='ltr'>que</span> <span class='ocrx_word' id='word_1_227' title='bbox 251 2878 303 2922; x_wconf 89' lang='lat' dir='ltr'>me</span> <span class='ocrx_word' id='word_1_228' title='bbox 325 2857 442 2922; x_wconf 85' lang='lat' dir='ltr'>dixisse</span> <span class='ocrx_word' id='word_1_229' title='bbox 466 2858 552 2923; x_wconf 69' lang='lat' dir='ltr'>dicei</span> <span class='ocrx_word' id='word_1_230' title='bbox 574 2862 631 2923; x_wconf 78' lang='lat' dir='ltr'>nul</span> <span class='ocrx_word' id='word_1_231' title='bbox 653 2857 815 2943; x_wconf 88' lang='lat' dir='ltr'>quomodo</span> <span class='ocrx_word' id='word_1_232' title='bbox 837 2857 892 2922; x_wconf 91' lang='lat' dir='ltr'>ille</span> <span class='ocrx_word' id='word_1_233' title='bbox 912 2857 1050 2943; x_wconf 77' lang='lat' dir='ltr'>eooipiat</span> <span class='ocrx_word' id='word_1_234' title='bbox 1068 2860 1124 2921; x_wconf 76' lang='lat' dir='ltr'>aul</span> 
     </span>
     <span class='ocr_line' id='line_1_31' title="bbox 166 2944 1125 3031; baseline 0 -23"><span class='ocrx_word' id='word_1_235' title='bbox 166 2965 231 3028; x_wconf 83' lang='lat' dir='ltr'>qua</span> <span class='ocrx_word' id='word_1_236' title='bbox 256 2944 320 3010; x_wconf 88' lang='lat' dir='ltr'>fide</span> <span class='ocrx_word' id='word_1_237' title='bbox 346 2967 473 3012; x_wconf 85' lang='lat' dir='ltr'>meeum</span> <span class='ocrx_word' id='word_1_238' title='bbox 499 2947 611 3012; x_wconf 73' lang='lat' dir='ltr'>visani</span> <span class='ocrx_word' id='word_1_239' title='bbox 637 2947 674 3031; x_wconf 87' lang='lat' dir='ltr'>ii,</span> <span class='ocrx_word' id='word_1_240' title='bbox 702 2947 757 3031; x_wconf 88' lang='lat' dir='ltr'>qui</span> <span class='ocrx_word' id='word_1_241' title='bbox 783 2967 835 3011; x_wconf 88' lang='lat' dir='ltr'>me</span> <span class='ocrx_word' id='word_1_242' title='bbox 863 2945 990 3012; x_wconf 80' lang='lat' dir='ltr'>assidue</span> <span class='ocrx_word' id='word_1_243' title='bbox 1012 2946 1125 3012; x_wconf 76' lang='lat' dir='ltr'>oolunl</span> 
     </span>
    </p>
   </div>
   <div class='ocr_carea' id='block_1_3' title="bbox 165 3032 1160 3297">
    <p class='ocr_par' dir='ltr' id='par_1_3' title="bbox 165 3032 1160 3297">
     <span class='ocr_line' id='line_1_32' title="bbox 165 3032 1160 3119; baseline 0 -23"><span class='ocrx_word' id='word_1_244' title='bbox 165 3036 199 3096; x_wconf 76' lang='lat' dir='ltr'>et</span> <span class='ocrx_word' id='word_1_245' title='bbox 221 3032 408 3118; x_wconf 77' lang='lat' dir='ltr'>observant,</span> <span class='ocrx_word' id='word_1_246' title='bbox 430 3037 595 3119; x_wconf 79' lang='lat' dir='ltr'>praestare</span> <span class='ocrx_word' id='word_1_247' title='bbox 616 3055 685 3100; x_wconf 91' lang='lat' dir='ltr'>non</span> <span class='ocrx_word' id='word_1_248' title='bbox 702 3056 844 3119; x_wconf 87' lang='lat' dir='ltr'>possum.</span> <span class='ocrx_word' id='word_1_249' title='bbox 889 3033 941 3099; x_wconf 76' lang='lat' dir='ltr'>Iu</span> <span class='ocrx_word' id='word_1_250' title='bbox 963 3034 1009 3118; x_wconf 80' lang='lat' dir='ltr'>lii,</span> <span class='ocrx_word' id='word_1_251' title='bbox 1031 3037 1069 3098; x_wconf 77' lang='lat' dir='ltr'>ut</span> <span class='ocrx_word' id='word_1_252' title='bbox 1091 3035 1160 3098; x_wconf 78' lang='lat' dir='ltr'>eto</span> 
     </span>
     <span class='ocr_line' id='line_1_33' title="bbox 165 3121 1124 3207; baseline 0.001 -23"><span class='ocrx_word' id='word_1_253' title='bbox 165 3121 374 3187; x_wconf 86' lang='lat' dir='ltr'>consiliorum</span> <span class='ocrx_word' id='word_1_254' title='bbox 411 3123 611 3207; x_wconf 87' lang='lat' dir='ltr'>superiorum</span> <span class='ocrx_word' id='word_1_255' title='bbox 643 3124 841 3189; x_wconf 78' lang='lat' dir='ltr'>eonscieniia</span> <span class='ocrx_word' id='word_1_256' title='bbox 876 3126 910 3188; x_wconf 77' lang='lat' dir='ltr'>ei</span> <span class='ocrx_word' id='word_1_257' title='bbox 944 3121 1124 3207; x_wconf 77' lang='lat' dir='ltr'>praesentis</span> 
     </span>
     <span class='ocr_line' id='line_1_34' title="bbox 166 3207 1125 3297; baseline 0 -24"><span class='ocrx_word' id='word_1_258' title='bbox 166 3210 320 3294; x_wconf 81' lang='lat' dir='ltr'>temporis</span> <span class='ocrx_word' id='word_1_259' title='bbox 351 3210 572 3276; x_wconf 71' lang='lat' dir='ltr'>moderatione</span> <span class='ocrx_word' id='word_1_260' title='bbox 602 3233 654 3276; x_wconf 89' lang='lat' dir='ltr'>me</span> <span class='ocrx_word' id='word_1_261' title='bbox 686 3212 834 3278; x_wconf 80' lang='lat' dir='ltr'>consoler</span> <span class='ocrx_word' id='word_1_262' title='bbox 864 3214 898 3276; x_wconf 78' lang='lat' dir='ltr'>el</span> <span class='ocrx_word' id='word_1_263' title='bbox 923 3210 1013 3297; x_wconf 79' lang='lat' dir='ltr'>illem</span> <span class='ocrx_word' id='word_1_264' title='bbox 1040 3207 1125 3274; x_wconf 81' lang='lat' dir='ltr'>Auii</span> 
     </span>
    </p>
   </div>
   <div class='ocr_carea' id='block_1_4' title="bbox 165 3365 1125 3632">
    <p class='ocr_par' dir='ltr' id='par_1_4' title="bbox 165 3365 1125 3632">
     <span class='ocr_line' id='line_1_35' title="bbox 236 3365 1125 3438; baseline -0.001 -18"><span class='ocrx_word' id='word_1_265' title='bbox 236 3365 390 3435; x_wconf 79' lang='lat' dir='ltr'>np.1e,e.</span> <span class='ocrx_word' id='word_1_266' title='bbox 428 3367 560 3423; x_wconf 72' lang='lat' dir='ltr'>Attianos</span> <span class='ocrx_word' id='word_1_267' title='bbox 578 3368 641 3438; x_wconf 71' lang='lat' dir='ltr'>(e).</span> <span class='ocrx_word' id='word_1_268' title='bbox 677 3367 816 3424; x_wconf 68' lang='lat' dir='ltr'>nouenos</span> <span class='ocrx_word' id='word_1_269' title='bbox 833 3366 897 3421; x_wconf 84' lang='lat' dir='ltr'>un.</span> <span class='ocrx_word' id='word_1_270' title='bbox 922 3395 955 3407; x_wconf 89' lang='lat'><em>-</em></span> <span class='ocrx_word' id='word_1_271' title='bbox 979 3366 1125 3432; x_wconf 59' lang='lat' dir='ltr'>„remur</span> 
     </span>
     <span class='ocr_line' id='line_1_36' title="bbox 166 3433 1124 3508; baseline -0.007 -9"><span class='ocrx_word' id='word_1_272' title='bbox 166 3433 242 3503; x_wconf 56' lang='lat' dir='ltr'>(W).</span> <span class='ocrx_word' id='word_1_273' title='bbox 283 3436 393 3492; x_wconf 76' lang='lat' dir='ltr'>invidio</span> <span class='ocrx_word' id='word_1_274' title='bbox 411 3437 505 3508; x_wconf 82' lang='lat' dir='ltr'>vulgo.</span> <span class='ocrx_word' id='word_1_275' title='bbox 528 3467 564 3478; x_wconf 89' lang='lat'>—</span> <span class='ocrx_word' id='word_1_276' title='bbox 585 3439 632 3506; x_wconf 70' lang='lat' dir='ltr'>fue</span> <span class='ocrx_word' id='word_1_277' title='bbox 649 3442 735 3505; x_wconf 79' lang='lat' dir='ltr'>†esee</span> <span class='ocrx_word' id='word_1_278' title='bbox 753 3439 828 3508; x_wconf 87' lang='lat' dir='ltr'>(W.).</span> <span class='ocrx_word' id='word_1_279' title='bbox 871 3437 918 3506; x_wconf 71' lang='lat' dir='ltr'>fue</span> <span class='ocrx_word' id='word_1_280' title='bbox 935 3451 1015 3506; x_wconf 78' lang='lat' dir='ltr'>porse</span> <span class='ocrx_word' id='word_1_281' title='bbox 1038 3435 1124 3506; x_wconf 78' lang='lat' dir='ltr'>(W.)?</span> 
     </span>
     <span class='ocr_line' id='line_1_37' title="bbox 165 3505 1124 3632; baseline -0.005 -66"><span class='ocrx_word' id='word_1_282' title='bbox 165 3505 292 3632; x_wconf 48' lang='lat' dir='ltr'>§cgivM</span> <span class='ocrx_word' id='word_1_283' title='bbox 324 3523 349 3564; x_wconf 90' lang='grc' dir='ltr'>ο.</span> <span class='ocrx_word' id='word_1_284' title='bbox 377 3535 409 3548; x_wconf 87' lang='lat'>··</span> <span class='ocrx_word' id='word_1_285' title='bbox 438 3509 486 3564; x_wconf 81' lang='lat' dir='ltr'>rel.</span> <span class='ocrx_word' id='word_1_286' title='bbox 505 3513 556 3576; x_wconf 76' lang='lat' dir='ltr'>est,</span> <span class='ocrx_word' id='word_1_287' title='bbox 579 3514 611 3564; x_wconf 78' lang='lat' dir='ltr'>ut</span> <span class='ocrx_word' id='word_1_288' title='bbox 628 3525 662 3564; x_wconf 80' lang='lat' dir='ltr'>ue</span> <span class='ocrx_word' id='word_1_289' title='bbox 680 3509 748 3578; x_wconf 74' lang='lat' dir='ltr'>quid</span> <span class='ocrx_word' id='word_1_290' title='bbox 775 3508 860 3577; x_wconf 55' lang='grc' dir='ltr'>(Ἦν</span> <span class='ocrx_word' id='word_1_291' title='bbox 910 3514 934 3562; x_wconf 75' lang='grc'>6.</span> <span class='ocrx_word' id='word_1_292' title='bbox 958 3507 1033 3562; x_wconf 67' lang='lat' dir='ltr'>Auli</span> <span class='ocrx_word' id='word_1_293' title='bbox 1061 3509 1124 3577; x_wconf 57' lang='lat' dir='ltr'>(A).</span> 
     </span>
    </p>
   </div>
   <div class='ocr_carea' id='block_1_5' title="bbox 0 0 1354 3984">
    <p class='ocr_par' dir='ltr' id='par_1_5' title="bbox 0 0 1354 3984">
     <span class='ocr_line' id='line_1_38' title="bbox 0 0 1354 3984; baseline 0 0"><span class='ocrx_word' id='word_1_294' title='bbox 0 0 1354 3984; x_wconf 95' lang='lat' dir='ltr'> </span> 
     </span>
    </p>
   </div>
  </div>
 </body>
</html>
