2652 3982
265 193 331 260 208
549 195 586 249 Μ.
606 194 729 250 TULLII
747 193 940 250 CICERONIS

266 360 349 424 esse3
371 339 501 404 mallem
524 361 612 424 aum,
634 343 784 425 argento,
808 339 874 404 aeri
898 344 1015 406 essent.
1061 340 1121 405 Sed
1145 325 1226 406 alias
1317 361 1318 366 ¹

266 427 455 494 iocabimur:
477 431 514 492 tu
542 429 656 492 adme
680 429 718 492 de
746 427 817 492 istis
832 429 942 496 'rebus
971 429 1120 495 omnibus
1149 431 1225 494 scri-
1317 495 1318 498 ,

266 517 324 584 bas
342 517 439 583 velim
458 538 555 603 quam
577 517 829 602 diligentissime.
866 515 905 581 D.
934 531 998 584 1111.
1021 515 1106 584 Non.
1129 517 1226 582 Mart.
1317 535 1318 588 j

699 708 787 776 XIV.

545 822 602 878 Ser.
623 823 729 886 Romae
749 839 774 876 a.
793 839 820 876 u.
839 839 862 876 c.
883 827 943 876 acl.

572 944 700 1002 CICERO
719 943 911 1002 TREBATIO.

232 1059 246 1110 1
333 1045 532 1133 Chrysippus
545 1046 684 1131 Vettius,
699 1043 775 1131 Cyri
793 1046 960 1111 architecti
975 1044 1119 1132 libertus,
1137 1047 1223 1132 feeit,
1317 1077 1318 1104 i

266 1141 303 1203 ut
324 1141 357 1204 te
379 1159 448 1203 non
470 1137 689 1202 immemorem
711 1139 860 1220 putarem
878 1136 954 1219 mei3
977 1137 1113 1201 salutem
1136 1137 1223 1201 enim

265 1227 371 1294 verbis
394 1226 459 1291 tuis
482 1226 562 1290 mihi
579 1225 758 1290 nuntiarat:
782 1225 874 1290 valde
892 1225 958 1288 iam
974 1225 1082 1290 lautus
1101 1247 1145 1310 es,
1168 1226 1223 1309 qui

266 1337 399 1402 gravere
431 1315 556 1379 litteras
593 1313 634 1378 ad
664 1335 716 1378 me
747 1314 837 1398 dare,
872 1313 998 1378 homini
1033 1316 1222 1398 praesertim
1317 1309 1318 1372 ³

265 1425 366 1489 prope
388 1403 574 1468 domestico.
619 1401 712 1478 cuod
736 1402 763 1466 si
786 1403 923 1468 scribere
947 1402 1067 1468 oblitus
1090 1425 1137 1487 es,
1164 1404 1221 1466 mi·
1317 1463 1318 1487 χ

265 1514 327 1557 nus
350 1491 443 1556 mirlti
465 1492 531 1556 iam
553 1495 585 1556 te
609 1491 764 1556 advocato
789 1512 885 1555 causa
908 1491 1036 1575 eadent;
1061 1492 1091 1556 si
1117 1493 1221 1557 nostri

266 1582 386 1646 oblitus
406 1603 448 1665 es,
471 1580 555 1645 dabo
574 1601 714 1664 operam,
737 1581 774 1644 ut
792 1580 875 1644 istuc
894 1580 1029 1664 veniam,
1049 1583 1222 1664 antequam
1317 1603 1318 1606 ¹

264 1672 361 1755 plane
389 1691 428 1734 ex
455 1669 563 1734 animo
591 1673 647 1734 tuo
675 1669 786 1733 effluo:
803 1702 805 1704 ·
820 1669 871 1733 sin
899 1669 1094 1734 aestivorum
1124 1669 1222 1735 timor

265 1763 297 1823 te
321 1758 481 1843 debilitat,
509 1757 631 1842 aliquid
658 1757 817 1842 excogita,
844 1761 882 1822 ut
903 1757 1009 1822 fecisti
1032 1759 1070 1822 de
1093 1757 1221 1822 Britan·
1317 1763 1318 1834 l

231 1847 330 1912 anio.
379 1846 468 1912 'Illud
504 1847 633 1931 quidem
668 1847 864 1930 perlibenter
895 1846 1003 1912 audivi
1039 1868 1078 1912 ex
1110 1847 1222 1912 eodem
1317 1841 1318 1894 Ῐ

265 1935 461 2022 Chrysippo,
486 1939 519 2000 te
543 1957 611 2000 esse
635 1932 765 2004 Caesari
786 1935 991 2018 familiarem
1020 1935 1076 2000 sed
1099 1935 1220 2000 meher-
1311 1949 1318 1976 ·

265 2027 335 2091 cule
357 2026 500 2110 mallem,
526 2025 560 2089 id
588 2025 673 2108 quod
704 2027 773 2088 erat
799 2025 945 2108 aequius,
973 2024 1011 2088 de
1038 2025 1103 2088 tuis
1126 2025 1221 2090 rebus
1317 2083 1318 2096 ,

265 2113 304 2180 ex
325 2115 390 2178 tuis
413 2114 529 2179 litteris
553 2135 650 2198 qnam
668 2113 853 2197 saepissime
871 2133 1111 2198 cognoscerem:
1133 2114 1221 2197 quod
1317 2115 1318 2144 ¹

264 2209 350 2268 certe
372 2204 420 2267 ita
441 2203 541 2286 fieret,
564 2203 592 2266 si
614 2205 651 2266 tu
671 2203 838 2267 maluisses
858 2201 1101 2267 benevolentiae
1124 2224 1221 2286 quam

263 2293 370 2357 litium
396 2293 468 2355 iura
495 2289 682 2374 perdiscere.
733 2289 795 2354 sed
821 2289 901 2354 haee
930 2291 1028 2355 iocati
1055 2299 1165 2356 snmus
1188 2295 1221 2357 et
1253 2333 1257 2340 ·

263 2383 321 2444 tuo
344 2400 433 2443 more
456 2381 489 2442 et
511 2377 661 2442 nonnihil
679 2378 777 2442 etiam
794 2382 916 2443 nostro.
954 2379 999 2442 Te
1023 2379 1115 2444 valde
1134 2402 1220 2444 ama·
1317 2411 1318 2428 κ

263 2487 481 2618 musfiposque
504 2486 524 2530 a
545 2470 578 2530 te
602 2467 703 2530 amari
727 2488 826 2550 quum
848 2468 1005 2554 volumus,
1029 2471 1100 2534 tum
1123 2468 1220 2533 etiam

263 2575 325 2622 con
371 2577 463 2618 rmus

705 2748 795 2848 xa

541 2859 597 2916 Ser.
617 2859 723 2916 Romae
742 2877 765 2916 a.
787 2880 812 2916 n.
833 2877 855 2916 c.
875 2865 935 2918 701.

570 2961 699 3040 cicaro
719 2985 910 3040 canarno.

230 3098 239 3162 Ι
328 3083 433 3164 Quam
456 3085 522 3150 sint
543 3086 672 3169 morosi7
695 3086 750 3170 qni
769 3088 888 3167 amant,
911 3085 962 3148 vel
986 3106 1024 3150 ex
1042 3085 1104 3150 hoc
1126 3086 1220 3150 intel·

261 3173 321 3262 ligi
342 3177 462 3261 potest:
485 3175 619 3239 moleste
642 3174 784 3238 ferebam
813 3177 909 3238 antea
931 3176 963 3237 te
986 3174 1125 3238 invitum
1147 3175 1221 3238 istie
1317 3239 1318 3256 χ

262 3285 345 3348 esse3
372 3265 490 3350 pungit
512 3285 563 3328 me
590 3285 714 3346 rursus,
742 3262 827 3346 quod
855 3261 967 3326 scribis
996 3283 1065 3326 esse
1091 3266 1124 3326 te
1147 3262 1220 3326 istic
1317 3263 1318 3320 ³

261 3350 412 3436 libentem
444 3374 548 3437 neque
576 3352 661 3416 enim
689 3372 760 3416 mea
789 3349 1066 3416 commendatione
1093 3353 1126 3417 te
1152 3372 1221 3418 non

333 3543 385 3615 Ep.
407 3549 448 3612 14,
464 3551 487 3598 1.
525 3543 607 3611 effluo
626 3543 692 3613 (M.).
730 3543 840 3610 effluam
859 3540 899 3612 L.,
917 3541 948 3594 Β.
