2676 3984
240 243 304 309 308
523 243 561 298 Μ.
580 244 704 300 TULLII
722 243 912 300 CICERONIS

235 391 312 456 'dem
335 391 433 456 etiam
454 410 542 456 nunc
564 411 636 455 meo
664 390 794 476 quidem
814 390 933 457 iudicio
955 391 1032 475 fuit3
1057 390 1087 458 is
1110 393 1199 458 enim

239 479 377 565 denique
399 478 505 544 honos
527 478 608 543 mihi
634 478 736 545 uideri
762 479 858 564 solet,
887 480 942 565 qai
968 501 1037 546 non
1063 485 1199 566 propter

240 589 330 652 spem
348 567 459 634 futuri
487 566 648 652 beneficii,
679 568 735 633 sed
767 571 898 653 propter
928 589 1049 655 magna
1080 570 1198 635 merita

202 657 333 721 relaris
356 657 434 722 uiris
457 656 601 721 defertur
622 659 656 721 et
678 656 780 722 datur.
817 655 931 741 Quare,
953 658 997 722 sit
1018 657 1115 724 modo
1139 659 1196 723 ali-

238 766 302 830 qua
324 767 375 809 res
397 744 539 830 publica,
566 745 688 829 inqua
714 744 819 812 honos
843 746 966 810 elucere
987 746 1105 831 possit,
1128 769 1196 813 om-

237 833 342 917 nibus,
364 833 445 899 mihi
463 833 564 916 crede,
582 832 787 917 amplissimis
804 833 981 900 honoribus
1001 835 1197 920 abundabis;

236 921 265 986 is
288 925 409 1006 autom,
432 922 487 1007 qui
509 943 583 987 vere
606 921 762 1006 appellari
784 925 893 1007 potest
914 923 1032 1007 honos,
1055 946 1123 990 non
1145 925 1195 988 in-

236 1009 450 1076 vitamentum
473 1009 514 1076 ad
536 1014 677 1095 tempus,
704 1011 760 1075 aed
786 1014 960 1096 perpetuae
986 1011 1116 1078 virtutis
1144 1017 1195 1078 est

235 1099 423 1183 praemium.
468 1098 698 1183 Quamobrem,
724 1099 769 1163 mi
795 1097 927 1184 Plance,
949 1099 1098 1165 incumbe
1120 1103 1193 1167 toto

235 1190 364 1271 pectore
388 1187 429 1252 ad
450 1187 591 1254 laudem:
619 1187 752 1253 subveni
778 1188 918 1273 patriae,
947 1189 1105 1274 opitulare
1128 1191 1192 1255 col-

235 1275 336 1360 legae,
359 1277 502 1341 omnium
530 1277 676 1362 gentium
694 1298 890 1341 consensum
918 1280 951 1342 et
973 1277 1193 1343 incredibilem

235 1363 509 1448 conspirationem
527 1365 652 1429 adiuva,
688 1363 742 1429 Me
764 1369 893 1430 tuorum
911 1366 1118 1431 consiliorum
1137 1367 1191 1431 ad-

234 1450 383 1553 intorem,
405 1451 572 1538 dignitatis
595 1452 765 1537 fautorem,
787 1453 964 1519 omnibus
954 1476 990 1519 m
1011 1453 1107 1520 rebus
1130 1455 1191 1520 tibi

235 1539 463 1642 amicissimum
502 1539 793 1626 fidelissimumque
825 1562 1012 1628 cognoscem
1053 1541 1094 1608 ad
1135 1565 1190 1608 sas

235 1627 322 1693 enirn
339 1649 460 1714 causas,
482 1628 598 1714 quibus
615 1629 701 1694 inter
718 1651 778 1695 nos
797 1652 905 1696 amore
924 1652 1043 1716 sumus,
1066 1629 1190 1717 otholia,

234 1718 394 1782 uetustate
421 1717 602 1802 coniuncti,
623 1718 747 1802 patriae
774 1719 891 1784 ιιιιιιιι
914 1683 1061 1803 accessit,
1088 1741 1189 1804 eaque

234 1803 349 1891 effecit,
365 1809 403 1872 ut
414 1810 505 1872 tuam
521 1768 622 1873 vitain
640 1806 833 1872 anteferrem
847 1828 945 1873 meaa.
981 1821 1034 1872 111
1052 1769 1095 1874 Κ.
1110 1806 1189 1894 Apr.

681 2034 738 2102 XI.

313 2156 370 2214 Scr.
388 2156 419 2215 in
436 2158 635 2230 Allobrogibus
654 2157 700 2212 VI.
720 2156 786 2213 Idus
804 2153 895 2212 Maias
913 2172 939 2212 a.
957 2174 984 2212 u.
1003 2171 1027 2212 c.
1047 2163 1106 2211 711.

528 2261 699 2354 eunucus
712 2297 890 2355 arcanum.

197 2413 212 2466 1
297 2406 501 2472 Immortales
523 2427 586 2492 ago
613 2406 673 2470 tibi
696 2407 817 2492 gratim
840 2427 1012 2492 agamque,
1038 2406 1114 2472 dum
1141 2409 1187 2472 ιι-

230 2517 321 2578 uam3
351 2517 428 2559 nam
459 2496 636 2559 relatarum
666 2516 717 2560 rne
750 2495 911 2560 affirmare
943 2517 1011 2561 non
1041 2516 1186 2581 possum3

230 2583 332 2648 tantis
363 2583 450 2647 euim
481 2583 545 2647 tuis
572 2582 687 2648 officiis
714 2605 782 2649 uon
807 2583 918 2649 videor
944 2583 1024 2648 mihi
1054 2605 1186 2669 respon-

232 2671 306 2736 dere
328 2693 433 2774 posse,
454 2673 517 2737 nis1
509 2671 628 2756 ',forte
651 2675 687 2736 ut
672 2674 741 2736 ttu
759 2672 946 2758 gravissime
965 2672 1186 2738 disertissime·

231 2781 292 2844 que
311 2760 475 2845 scripsisti,
492 2761 539 2825 ita
557 2781 707 2826 sensurus
726 2781 769 2845 es,
786 2763 824 2825 ut
840 2782 892 2825 me
909 2760 1028 2826 referre
1047 2761 1187 2847 gratiam

229 2851 333 2933 putes,
356 2871 453 2933 quum
476 2849 631 2915 memoria
651 2848 779 2914 tenebo.
815 2846 849 2914 si
873 2848 912 2914 de
929 2849 988 2914 filii
1010 2849 1059 2913 tui
1082 2848 1186 2936 digni·

229 2939 297 3002 tate
320 2940 405 3002 esset
432 2941 552 3022 actum,
581 2937 749 3002 amabilius
777 2940 861 3003 certe
888 2937 970 3002 nihil
996 2938 1102 3003 facere
1129 2960 1185 3023 po·

228 3025 354 3090 tuisses.
398 3023 524 3090 Primae
550 3028 626 3092 tuae
654 3026 832 3090 sententiae
859 3024 995 3091 infinitis
1022 3047 1095 3092 cum
1117 3048 1186 3092 mu·

228 3114 368 3198 neribus,
390 3115 583 3200 posteriores
606 3113 647 3178 ad
668 3118 795 3199 tempus
819 3114 1049 3199 arbitriumque
1068 3115 1185 3181 amico·

228 3224 299 3266 rum
318 3224 462 3268 meorum
481 3202 686 3287 compositae,
709 3203 812 3268 oratio
832 3202 960 3268 assidua
977 3206 1010 3268 et
1029 3208 1185 3289 perpetuu

229 3289 268 3354 de
291 3313 351 3376 me,
373 3291 479 3376 iurgia
501 3313 574 3356 eum
597 3290 866 3356 obtrectatoribus
893 3294 1027 3376 propter
1053 3313 1104 3357 me
1127 3312 1184 3358 no·

228 3377 354 3443 tissima
380 3379 460 3445 mihi
488 3382 577 3445 sunt:
604 3399 672 3444 non
699 3379 873 3445 mediocris·
895 3379 1077 3445 adhibenda
1105 3379 1185 3446 mihi

301 3583 352 3654 Ep.
374 3591 415 3654 10,
431 3593 454 3640 1.
491 3577 618 3642 et'datur
635 3586 682 3654 M,
700 3586 793 3658 vulgo.
831 3587 868 3659 [ιι
886 3587 922 3658 ul]
941 3587 1050 3658 Kleyn,
1068 3587 1099 3644 Β.
