2610 3980
257 194 298 258 82
539 194 575 247 M.
596 192 718 248 TULLII
736 189 926 246 CICERONIS

256 339 431 422 permirum
454 338 583 422 11111111,
604 340 732 402 tantam
753 335 968 400 temeritatem
991 332 1089 396 fnisse
1111 330 1146 394 111
1167 349 1203 393 eo

257 426 467 510 adolescente,
490 427 580 490 cuius
604 446 664 510 ego
688 426 824 490 salutem
848 423 972 487 duobus
991 420 1105 504 capitis
1126 416 1202 482 iudi·

257 516 314 579 ciis
337 537 461 579 summa
484 515 690 579 contentione
714 511 855 594 defendi,
882 514 919 574 ut
941 509 1006 573 tuis
1033 505 1204 572 inimicitiis

257 603 467 687 suscipiendis
491 602 731 667 oblivisceretur
754 599 883 685 patroni
902 597 1046 662 omnium
1063 595 1203 660 fortuna·
1284 649 1285 668 ξ

256 713 329 755 rum
351 711 388 755 ao
410 691 574 755 rationum
597 711 736 773 suarum,
757 686 946 772 pracsertim
970 705 1068 768 quum
1086 687 1123 748 tu
1143 704 1204 748 om·
1284 689 1285 744 ἒ

257 781 352 843 nibus
374 779 425 843 vel
444 778 641 843 ornamentis
659 777 709 840 vel
729 775 895 860 praesidiis
913 772 1118 856 redundares,
1139 770 1205 854 aa,
1284 767 1285 820 f

257 871 294 931 ut
315 867 474 931 levissime
502 865 620 949 dicam,
647 865 749 929 multa
777 863 933 928 deessent.
978 859 1076 926 Cuius
1104 879 1205 926 sermo
1284 855 1285 908 ἕ

258 956 375 1020 stultus
398 957 432 1018 et
452 954 584 1038 puerilis
607 956 677 1017 erat
698 953 764 1016 iam
787 955 862 1016 ante
885 951 926 1014 ad
949 971 999 1014 me
1023 971 1043 1014 a
1064 947 1108 1013 M.
1132 944 1205 1013 Cae·

257 1043 310 1127 lio,
333 1042 484 1107 familiari
506 1046 632 1126 nostro,
660 1040 869 1124 perscriptus,
897 1039 935 1102 de
959 1059 1022 1122 quo
1045 1037 1123 1101 item
1146 1055 1206 1099 ser·
1284 1071 1285 1110 3

257 1153 352 1196 mone
375 1131 477 1196 multa
501 1131 619 1215 scripta
642 1133 718 1194 sunt
741 1129 798 1192 abs
818 1132 860 1192 te.
895 1126 968 1212 Ego
988 1129 1095 1190 autem
1116 1124 1206 1190 citius

258 1217 330 1284 cuni
358 1241 409 1304 eo,
441 1219 496 1302 qui
522 1223 596 1283 tuas
622 1217 806 1282 inimicitias
833 1215 1038 1299 suscepisset,
1069 1216 1206 1278 veterem
1284 1233 1285 1270 1

258 1307 516 1372 coniunctionem
539 1306 749 1389 diremissem,
776 1327 873 1389 quam
899 1325 1018 1368 novam
1045 1301 1207 1368 concilias·
1284 1337 1285 1390 3

259 1417 339 1478 sem,
366 1415 470 1478 neque
500 1397 585 1458 enim
608 1393 647 1458 de
670 1415 740 1458 meo
769 1414 846 1478 erga
872 1395 905 1456 te
928 1391 1034 1456 studio
1062 1389 1207 1455 dubitare
1284 1403 1285 1484 l

259 1483 368 1568 debes,
396 1503 499 1566 neque
522 1482 555 1546 id
583 1485 632 1546 est
655 1481 825 1546 obscurum
853 1481 1001 1565 cuiquam
1023 1479 1059 1543 in
1080 1477 1207 1562 provin·

224 1572 309 1636 1111
331 1591 390 1635 neo
404 1571 525 1636 Romae
544 1570 615 1635 fuit.
652 1568 714 1634 Sed
735 1573 846 1641 tamen
867 1567 1066 1654 significatur
1087 1567 1124 1631 in
1145 1565 1207 1630 tuis
1284 1577 1285 1648 ᾗ

105 1657 107 1660 ’
258 1659 374 1723 fitteris
402 1658 540 1742 suspicio
569 1658 726 1743 quaedam
748 1661 782 1722 11
803 1657 961 1722 dubitatio
984 1659 1054 1740 tua,
1084 1655 1124 1720 de
1148 1675 1208 1738 qua

259 1749 400 1812 alienum
422 1751 549 1830 tempus
573 1750 622 1812 est
644 1747 723 1812 mihi
745 1751 852 1811 tecum
875 1743 1115 1829 expostulandi,
1137 1765 1208 1828 pur·
1284 1741 1285 1816 ἶ

246 1835 358 1920 gandi
381 1838 488 1900 autem
510 1835 574 1899 mei
596 1835 819 1900 necessarium.
863 1833 929 1899 Ubi
952 1834 1038 1898 enim
1061 1853 1122 1916 ego
1147 1831 1209 1895 cui·
1284 1859 1285 1898 2

259 1944 356 2007 quam
373 1924 529 2008 legationi
546 1923 596 1987 fui
613 1922 852 2007 impedimento,
870 1944 933 2007 quo
952 1921 1058 1986 minus
1071 1919 1210 1985 Romam
1284 1921 1285 1998 3

259 2013 300 2077 ad
322 2012 450 2076 laudem
472 2015 562 2096 tuam
584 2011 786 2076 mitteretur?
814 2014 871 2076 aut
897 2011 931 2074 in
959 2031 1022 2095 quo
1050 2009 1157 2094 potui,
1184 2007 1210 2072 si
1284 2015 1285 2054 3

257 2104 291 2165 te
314 2101 421 2184 palam
445 2101 592 2186 odissem,
614 2101 729 2184 minus,
752 2100 838 2185 quod
860 2099 920 2163 tibi
939 2099 1074 2181 obesset,
1096 2097 1210 2179 faeere,
1284 2117 1285 2186 j

260 2190 287 2254 11
300 2189 392 2273 clam,
410 2190 522 2274 magis
533 2192 642 2274 aperte
662 2189 810 2253 inimicus
828 2187 920 2252 esse?
948 2185 1048 2262 'Quod
1067 2185 1094 2251 si
1108 2206 1211 2250 essem
1284 2219 1285 2272 l

260 2299 297 2342 11
319 2277 460 2361 perfidia,
483 2297 546 2360 qua
569 2280 645 2341 sunt
666 2277 698 2360 ii,
721 2278 776 2360 qui
798 2277 834 2341 in
852 2297 912 2341 nos
930 2276 1010 2340 haec
1030 2273 1212 2356 conferunt,
1284 2297 1285 2330 1

259 2369 369 2429 tamen
391 2385 429 2428 11
452 2365 589 2428 stultitia
612 2368 696 2429 certe
718 2387 786 2430 non
807 2365 950 2448 fuissem,
972 2366 1009 2428 ut
1027 2365 1084 2427 aut
1102 2363 1138 2427 in
1158 2361 1211 2427 ob·
1284 2379 1285 2448 j

261 2471 353 2517 sauro
376 2452 449 2517 odio
474 2455 601 2536 apertas
624 2453 808 2536 inimicitias
827 2457 893 2537 aut,
915 2453 950 2516 in
969 2473 1032 2536 quo
1050 2451 1111 2515 tibi
1130 2450 1212 2516 nihil
1284 2455 1285 2538 l

259 2561 417 2624 nocerem,
440 2561 596 2605 summam
619 2542 820 2606 ostenderem
843 2542 1043 2606 voluntatem
1065 2539 1212 2606 nocendi.
1284 2547 1285 2576 ³

260 2627 312 2694 Ad
338 2650 389 2693 me
417 2628 503 2693 adire
531 2630 687 2714 quosdam
714 2630 858 2714 memini,
889 2629 1042 2694 nimirum
1068 2649 1108 2694 ex
1135 2627 1212 2711 Epi·

260 2721 358 2801 oteto,
387 2718 441 2802 qui
469 2717 611 2783 dicerent
638 2718 734 2784 nimis
762 2739 897 2805 magnos
926 2719 1073 2802 sumptus
1095 2716 1214 2804 legatis
1284 2719 1285 2778 ἶ

260 2806 399 2871 decerni:
428 2806 542 2890 quibus
569 2827 630 2891 ego
653 2828 721 2872 non
747 2810 814 2872 tam
836 2806 992 2892 imperavi
1019 2827 1116 2890 quam
1140 2825 1213 2870 cen·
1284 2803 1285 2880 ζ

261 2895 311 2959 sui
334 2899 479 2979 sumptus
506 2896 622 2980 legatis
650 2916 747 2979 quam
769 2895 905 2960 maxime
935 2894 975 2960 ad
1002 2895 1107 2979 legem
1136 2890 1214 2959 Oor·
1284 2893 1285 2942 3

259 2983 378 3048 neliarn
400 2983 625 3069 decernendos,
648 2986 744 3068 atque
765 2983 801 3048 in
824 3003 862 3048 eo
884 2983 955 3068 ipso
978 3003 1028 3048 me
1051 3001 1119 3048 non
1142 3001 1214 3067 par·
1284 3051 1285 3062 ,

260 3091 421 3138 severasse
443 3075 542 3138 testes
565 3075 642 3138 sunt
663 3072 805 3136 rationes
828 3071 1007 3155 civitatum,
1028 3070 1064 3134 in
1086 3069 1215 3155 quibus,
1284 3135 1285 3138 ,

260 3164 416 3245 quantum
431 3181 574 3246 quaeque
592 3160 704 3244 voluit,
726 3159 842 3245 legatis
859 3160 924 3226 tuis
943 3158 1054 3226 datum
1072 3157 1216 3242 induxit5
1284 3179 1285 3244 1

330 3387 381 3458 Ep.
398 3395 439 3458 10,
454 3393 477 3444 t.
514 3385 1094 3457 1111111111.(111.)1-1111111101).
1133 3384 1215 3441 leuis·
1284 3415 1285 3450 g

259 3458 325 3512 siaa
342 3457 476 3527 Mart-L,
495 3457 526 3512 B.
565 3466 588 3514 6.
618 3459 760 3529 [cinisum
776 3471 810 3513 ec
823 3457 961 3530 Epicteto]
981 3457 1053 3526 (edd.
1068 3455 1218 3525 vett.)?—
1284 3497 1285 3524 ,

260 3528 292 3582 ia
310 3544 386 3597 qaas,
404 3534 536 3598 quantum
554 3529 638 3599 (W.)?
