2578 3982
228 235 294 300 600
510 235 547 291 n.
567 235 690 290 TULLII
709 235 899 290 CICERONIS

229 379 409 462 obsistitur,
431 378 568 444 maxime
591 377 738 461 Catonis,
764 379 816 444 cui
838 382 949 444 tamen
975 379 1108 466 egregie
1133 381 1196 444 im-

228 469 337 552 posuit
358 467 437 532 Milo
461 471 584 533 noster:
607 487 683 532 nam
705 467 759 532 ille
777 468 895 552 vindan¹
913 469 1136 552 gladiatorum
1160 474 1196 533 et

228 556 453 621 bestiariorum
467 558 588 620 emerat
602 555 640 619 dc
655 554 813 620 Cosconio
828 559 861 619 et
873 554 1054 640 Pomponio
1069 557 1193 622 bestia·

227 645 307 729 rios,
336 665 395 708 nec
419 645 487 708 sine
514 644 554 708 iis
577 644 708 707 armatis
731 665 884 727 umquam
906 644 940 708 in
963 645 1095 728 publico
1120 646 1192 710 fue·

227 737 292 816 rat3
323 733 384 798 hos
416 733 500 796 alere
532 753 600 796 non
631 735 773 815 poterat,
808 732 916 816 itaque
952 733 1007 796 rix
1037 733 1193 816 tenebat,

228 821 330 886 sensit
350 819 443 884 Milo:
471 820 559 884 dedit
585 820 711 885 cuidam
738 841 805 884 non
831 820 984 884 familiari
1005 822 1191 905 negotium,

228 910 283 994 qui
306 909 375 973 sine
398 908 580 992 suspicione
603 911 722 972 emeret
744 929 815 972 eam
832 908 989 974 familiam
1012 907 1191 993 aCatone;

228 1019 310 1081 quaa
334 997 428 1062 simul
455 999 552 1081 atque
579 995 718 1060 abducta
745 999 807 1079 est,
833 995 989 1079 Racilius,
1016 998 1074 1080 qui
1100 1019 1192 1063 unus

227 1087 359 1168 optimas
382 1088 432 1150 est
453 1084 516 1149 hoc
538 1087 681 1173 tempore
700 1084 849 1149 tribunus
867 1085 919 1168 pl,
942 1106 1010 1149 rem
1029 1087 1190 1168 patefecit

227 1194 345 1258 eosque
366 1172 514 1238 homines
538 1171 599 1237 sibi
621 1175 747 1256 emptos
775 1193 843 1237 esse
866 1172 1006 1237 dixit-
1027 1174 1074 1238 sic
1097 1175 1188 1238 enim

226 1263 392 1347 placuerat
415 1297 456 1308 -
480 1264 513 1325 et
543 1260 688 1324 tabulam
719 1261 920 1345 proscripsit,
956 1283 990 1325 se
1024 1262 1187 1327 familiam

227 1348 441 1416 Catonianam
472 1348 689 1413 venditurum:
724 1349 759 1412 in
791 1371 862 1413 eam
894 1350 1039 1414 tabulam
1071 1354 1186 1436 magni

226 1439 310 1502 risus
332 1438 619 1520 consequebantur.
663 1435 760 1500 Hunc
787 1437 888 1522 igitur
915 1436 1073 1502 Catonern
1101 1437 1186 1502 Len·

226 1526 314 1590 tulus
345 1547 366 1588 a
396 1525 522 1609 legibus
552 1525 690 1589 removit
721 1528 754 1589 at
785 1547 854 1608 eos,
885 1527 940 1609 qui
973 1527 1011 1590 de
1044 1524 1187 1592 Caesare

226 1616 372 1679 monstra
398 1612 659 1697 promulgarunt,
691 1613 807 1696 quibus
833 1613 1045 1678 intercederet
1072 1637 1186 1698 nemo,

226 1723 316 1785 nam,
343 1701 429 1784 quod
456 1701 496 1764 dc
522 1699 675 1784 Pompeio
699 1699 854 1766 Caninius
876 1703 960 1786 agit,
982 1723 1059 1767 sane
1084 1725 1184 1786 quam

226 1789 364 1872 refrixit3
386 1810 490 1873 neque
504 1789 590 1852 enirn
603 1810 654 1854 res
668 1789 825 1872 probatur
838 1793 872 1853 at
883 1788 1055 1874 Pompeius
1069 1796 1187 1856 noster

226 1880 261 1944 in
284 1878 425 1944 amicitia
451 1877 486 1941 P.
514 1876 644 1941 Lentuli
670 1877 871 1960 vituperatur
898 1881 930 1942 et
956 1878 1086 1942 hercule
1114 1901 1183 1944 non

227 1971 277 2032 est
297 1967 396 2049 idem,
423 1987 499 2030 nam
522 1965 607 2048 apud
630 1965 878 2049 perditissimam
900 1966 991 2030 illam
1013 1969 1110 2050 atqua
1134 1969 1184 2032 in-

225 2056 336 2120 fimam
357 2055 479 2119 faecem
505 2054 617 2138 populi
639 2057 772 2138 propter
794 2053 949 2118 Milonem
976 2054 1185 2139 suboffendit,
1277 2089 1278 2122 ;

226 2147 260 2208 et
284 2143 363 2208 boni
390 2143 492 2206 multa
519 2142 559 2206 ab
588 2164 624 2206 eo
653 2141 848 2226 desiderant,
879 2143 982 2206 multa
1009 2143 1184 2226 reprehcn·
1277 2149 1278 2158 ’

226 2233 315 2297 dunt.
364 2229 570 2294 Marcellinus
601 2233 708 2294 autem
744 2230 806 2295 hoc
837 2251 902 2294 uno
934 2231 1014 2294 mihi
1051 2231 1183 2314 quidem

225 2342 291 2385 non
307 2319 473 2402 satisfacit,
492 2318 576 2402 quod
591 2340 664 2382 eum
677 2319 773 2382 nimis
787 2339 898 2402 aspere
911 2322 1046 2383 tractat:
1069 2341 1182 2403 quam·

226 2430 323 2493 quam
341 2407 374 2471 id
393 2409 507 2470 senatu
525 2427 593 2470 non
611 2407 712 2470 invito
731 2407 823 2487 faoit3
836 2427 910 2490 'quo
929 2427 990 2491 ego
1008 2429 1060 2470 me
1078 2407 1181 2472 liban-

224 2497 291 2560 tius
314 2516 334 2558 a
352 2493 440 2557 ouria
459 2497 491 2556 et
508 2493 549 2556 ab
569 2495 657 2557 omni
674 2497 765 2577 parte
783 2495 830 2558 rei
847 2493 994 2576 publicae
1013 2496 1183 2561 subtraho.

198 2583 264 2648 aIn
287 2581 412 2647 iudiciis
434 2581 458 2644 ii
481 2602 603 2665 sumus,
626 2583 681 2664 qui
702 2581 834 2646 fuimus:
863 2582 977 2646 domus
1000 2584 1184 2648 celebratur

224 2671 284 2755 ita,
311 2674 348 2736 ut
375 2691 474 2754 quum
497 2670 642 2734 maxime.
686 2669 797 2734 Unum
820 2670 936 2733 accidit
960 2671 1184 2755 imprudentia

224 2759 356 2826 Milonis
378 2759 593 2841 incommode,
621 2758 659 2822 de
683 2755 779 2822 Sexto
803 2756 929 2841 Clodio,
957 2780 1052 2842 quem
1074 2781 1182 2843 neque

224 2848 286 2913 hoc
308 2851 452 2932 tempore
470 2869 573 2930 neque
593 2848 633 2910 ab
652 2846 819 2910 imbecillis
838 2846 1078 2912 accusatoribus
1099 2848 1181 2912 mihi

224 2936 345 3019 placuit
363 2935 520 3015 accusarir
542 2936 571 2998 ei
589 2939 654 2998 tres
673 2934 851 2998 sententiae
866 2934 1036 3000 deterrimo
1055 2936 1090 2999 in
1105 2957 1181 3000 con·

224 3025 295 3089 silio
319 3024 502 3104 defuerunt,
524 3023 632 3106 itaque
655 3023 819 3087 hominem
842 3022 980 3108 populus
998 3028 1130 3088 revocat
1146 3029 1183 3088 et

223 3113 407 3176 retrahatur
433 3131 562 3174 necesse
589 3114 653 3192 est,
682 3132 750 3176 non
777 3111 863 3174 enim
890 3111 1000 3174 ferunt
1030 3111 1181 3176 homines

223 3203 264 3282 et,
288 3200 378 3284 quia,
401 3219 499 3282 quum
523 3198 608 3281 apud
632 3221 706 3264 suos
730 3199 858 3282 diceret,
879 3219 982 3282 paene
1006 3198 1182 3265 damnatus

222 3290 286 3370 est,
316 3286 427 3351 vident
464 3285 659 3350 damnatum.
712 3285 763 3351 Ea
793 3287 864 3372 ipsa
890 3288 935 3350 in
966 3307 1000 3350 re
1032 3286 1182 3371 Pompeii

292 3493 344 3562 Ep.
363 3498 388 3560 4,
403 3499 428 3547 5.
455 3509 529 3549 uuas
546 3494 665 3562 optimus
682 3498 721 3547 cat
738 3492 813 3563 (W).
849 3509 923 3549 auus
940 3499 978 3549 cat
994 3495 1077 3549 MRI.
1114 3512 1142 3549 a.
1157 3513 1181 3550 a

222 3566 276 3629 opt.
295 3562 448 3632 Biicheler,
467 3563 497 3617 Β.
