2556 3986
315 253 575 310 EPISTOLARUM
593 253 653 310 XV.
672 260 768 310 9-11.
956 253 1020 320 517

51 400 181 486 telligis
204 421 255 465 me
279 399 450 484 praecipue
473 399 573 484 diligi.
609 398 715 465 Patris
737 400 787 464 tui
808 399 964 465 beneficia
985 399 1022 465 in

51 511 109 554 me
130 491 209 553 sunl
227 488 440 572 amplissima3
461 508 566 572 neque
585 488 671 553 enim
694 489 791 554 saluti
808 510 899 554 meae
916 508 1021 572 neque

51 577 180 643 honori
213 577 346 641 amicior
378 576 548 663 quisquam
577 576 641 641 diei
670 580 792 662 potesb3
817 577 919 642 frater
944 580 1021 642 tuus

54 666 178 752 quanti
201 686 252 729 me
274 663 376 730 faeiat
398 686 586 750 semperque
607 665 734 750 feoerib,
756 687 826 732 esse
847 665 1022 750 hominem,

34 755 117 840 ,qui
141 755 281 840 ignoret,
304 753 443 819 arbitror
466 755 640 837 neminem,
668 755 781 819 domus
804 757 861 818 lua
884 753 1021 838 denique

54 847 133 908 tota
156 863 208 908 me
232 863 358 927 semper
380 842 530 909 omnibus
558 843 691 908 summis
715 843 829 908 officiis
851 846 1035 927 prosecuta

55 935 123 1016 esd,
152 953 257 1016 neque
285 952 361 997 vero
383 933 421 997 tu
442 931 478 996 in
504 953 556 998 me
583 931 747 1018 diligendo
775 930 924 1016 cuiquam
946 953 1021 996 oon-

57 1020 189 1086 eessisti
210 1023 354 1086 tuorum:
381 1041 479 1105 quare
507 1041 527 1084 a
553 1023 586 1085 te
608 1025 684 1105 peto
710 1020 747 1085 in
772 1021 928 1086 maiorem
954 1041 1021 1086 mo·

57 1110 155 1194 dum,
183 1113 222 1174 ut
237 1130 299 1174 me
318 1130 384 1210 'per
406 1112 439 1173 ie
462 1130 560 1211 quam
588 1109 828 1174 ornatissimum
850 1109 929 1210 velis
952 1128 1022 1172 essa

57 1197 1021 1353 331?le,laelldsszlbulbul&llud.

61 1376 177 1440 datam
198 1378 302 1460 pules.

511 1638 570 1708 XI.

64 1761 124 1816 Sor.
142 1759 175 1814 in
191 1757 291 1814 Cilicia
311 1775 407 1816 mensa
431 1759 568 1827 Quinotili
591 1761 648 1830 (ΙΠ.
666 1759 740 1817 Non.
760 1760 835 1818 Sext.
857 1761 904 1817 rel
924 1761 1023 1833 paullo

41 1877 44 1882 ,
398 1834 474 1901 post)
494 1847 519 1886 a.
538 1849 565 1886 u.
584 1847 607 1886 a.
627 1839 687 1888 704.

110 1968 113 1982 '
178 1969 216 2026 ld.
235 1968 365 2026 CICERO
384 1970 456 2026 IMP.
477 1971 504 2028 S.
522 1970 557 2028 D.
575 1969 604 2028 (2.
622 1972 819 2028 MARCELLO
838 1971 912 2030 COS.

134 2078 282 2156 Quantae
305 2099 399 2144 aurae
421 2080 482 2144 tibi
512 2101 602 2145 meus
624 2081 729 2146 honos
750 2081 850 2146 fuerit
871 2084 905 2147 ei
926 2097 1056 2166 quam1

66 2169 154 2234 idem
185 2167 345 2232 exstiteris
376 2169 489 2234 consul
520 2168 555 2232 in
586 2189 638 2234 me
670 2169 816 2235 ornando
847 2171 881 2235 el
911 2170 1023 2254 ampli·
1121 2207 1126 2214 ‹

67 2256 210 2340 licando,
236 2255 292 2340 qui
313 2255 422 2322 fueras
449 2278 576 2342 semper
597 2277 671 2322 oum
693 2257 881 2342 parentibus
903 2258 969 2322 tuis
992 2261 1025 2322 ei

69 2367 142 2410 eum
164 2347 236 2410 lota
257 2344 368 2429 domo,
394 2346 455 2410 etsi
482 2367 534 2410 res
560 2346 633 2430 ipsa
658 2346 864 2431 loquebatur,
886 2346 1025 2431 cognovi

68 2439 179 2500 tamen
201 2454 240 2498 ex
262 2454 408 2499 meorum
425 2434 570 2500 omnium
587 2435 717 2500 litteris:
740 2435 849 2520 itaque
871 2435 953 2499 nihil
975 2437 1026 2500 est
1081 2473 1083 2477 -

70 2525 206 2606 lantum,
228 2522 314 2606 quod
337 2542 398 2607 ego
420 2543 489 2588 non
510 2526 568 2588 tua
590 2545 688 2589 eausa
710 2523 844 2589 debeam
865 2523 1024 2588 facturus-

72 2631 131 2693 que
154 2611 215 2674 sim
237 2610 380 2675 sludiose
401 2632 440 2677 aa
462 2611 613 2694 libentem
639 2635 717 2677 nam
743 2612 855 2698 magni
881 2612 1059 2695 interest,2

74 2697 124 2762 eui
145 2697 271 2782 debeas,
292 2698 407 2764 debere
431 2703 539 2765 autem
560 2701 685 2765 nemini
705 2701 806 2765 malui
833 2721 930 2784 quam
956 2700 1025 2783 eibi,

75 2785 124 2849 eui
145 2805 196 2850 me
224 2808 322 2870 quum
349 2786 457 2852 studia
484 2791 680 2874 communia,
706 2787 863 2853 beneficia
889 2791 1026 2872 palerna

75 2877 190 2958 tuaque
221 2875 287 2939 iam
319 2879 394 2942 ante
424 2877 670 2961 coniunxeranl,
698 2880 769 2941 lum
800 2875 923 2942 aceedit
953 2898 1026 2941 mea

76 2962 200 3048 quidem
218 2965 379 3032 sententia
396 2965 571 3031 maximum
589 2966 762 3050 vinculum,
785 2965 871 3050 quod
892 2964 940 3030 ila
957 2986 1027 3029 rem

76 3051 233 3136 publicam
256 3052 341 3137 geris
364 3056 461 3138 atque
482 3053 620 3140 gessisti,
642 3076 706 3138 qua
723 3053 803 3118 mihi
822 3053 926 3118 eamus
943 3053 1027 3118 nihil

77 3143 132 3224 est,
151 3143 198 3224 ut,
220 3145 377 3225 quantum
399 3142 460 3207 tibi
483 3163 595 3208 omnes
615 3142 694 3208 boni
711 3143 859 3227 debeant,
881 3163 945 3226 quo
967 3140 1026 3206 mi-

77 3249 135 3293 nus
164 3229 358 3294 lantundem
390 3250 451 3316 ego
482 3252 567 3296 unus
599 3231 746 3317 debeam,
776 3251 845 3296 non
873 3250 1028 3294 recusem

78 3315 287 3392 Quamobrem
309 3318 369 3382 tibi
391 3319 488 3383 velim
509 3319 533 3384 ii
556 3320 622 3384 sini
649 3320 765 3404 exitus,
792 3340 873 3403 quos
895 3317 1027 3384 mereris

79 3407 110 3470 el
138 3427 217 3490 quos
248 3405 319 3470 fore
351 3405 491 3472 confido:
523 3429 598 3493 ego,
630 3408 658 3473 si
688 3428 740 3473 me
766 3406 932 3492 navigatio
959 3427 1028 3472 non

80 3494 261 3578 morabilur,
283 3515 364 3578 quae
387 3495 572 3560 ineurrebal
593 3497 628 3562 in
650 3497 739 3582 ipsos
761 3495 891 3581 etesias,
912 3516 1026 3582 prope·

80 3581 158 3649 diem
180 3585 223 3669 te,
244 3587 282 3647 ut
305 3604 408 3670 spero,
429 3583 555 3650 videbo.
