2610 3980
339 192 598 250 EPISTOLARUM
617 193 665 248 IV.
683 199 708 247 4.
728 198 753 248 t.
979 189 1022 255 99

528 442 568 509 V.

233 553 289 610 Ser.
308 555 426 610 Athenis
444 571 538 611 mense
557 543 649 625 Aprili
667 569 691 609 a.
710 571 779 610 uec.
800 559 859 609 ⁷09.

136 723 142 730 .
352 677 507 734 SERVIUS
526 675 697 734 CICERONI
714 677 740 733 S.

144 771 351 864 Posteaquam
373 779 454 844 mihi
472 778 692 846 renuntiatum
710 783 761 844 est
782 777 821 843 dc
840 777 931 844 obitu
950 774 1024 842 Tul·
1044 793 1059 840 1

92 859 147 946 liae,
166 864 246 930 filiae
268 869 359 952 tuae,
387 888 465 932 sane
480 889 585 952 ‚quam
607 889 667 952 pro
690 889 738 952 eo,
760 888 798 933 ac
820 865 930 950 debui,
953 885 1024 952 gra·

92 949 157 1014 viter
176 955 372 1040 molesteque
394 956 455 1021 tuli
478 977 743 1041 communemque
767 977 838 1022 eam
861 955 1024 1020 calamita-

92 1040 352 1128 tem'existimasi,
380 1045 448 1128 qui,
475 1045 504 1108 si
529 1043 603 1110 istic
630 1044 807 1130 affinssem,
833 1065 937 1128 neque
964 1042 1026 1108 tibi

92 1123 242 1196 defuissem
256 1153 429 1217 coramque
442 1153 550 1198 meum
564 1133 708 1200 dolorem
726 1132 787 1197 tibi
804 1131 1025 1198 declarassem.

91 1210 267 1303 tergenus
295 1219 357 1286 hoc
381 1221 612 1287 consolationis
638 1222 792 1287 miserum
820 1224 917 1306 atque
940 1240 1025 1286 acer-

92 1301 152 1368 bum
172 1312 227 1392 est,
249 1313 423 1395 propterea
444 1310 528 1394 quia,
550 1331 608 1394 per
626 1331 707 1395 quos
726 1331 765 1384 ea
782 1308 913 1376 confieri
931 1307 1027 1373 debet

92 1393 269 1490 propinquos
293 1419 330 1464 ac
353 1398 538 1482 familiares,
560 1397 584 1462 ii
605 1399 668 1484 ipsi
691 1398 762 1482 peri
784 1397 934 1464 molestia
956 1395 1025 1462 affi-

92 1485 199 1547 cuntur
219 1507 324 1571 neque
353 1488 423 1553 sine
449 1487 591 1552 lacrimis
617 1487 728 1552 multis
755 1486 789 1550 id
815 1487 926 1553 conari
951 1507 1025 1570 pos·

92 1573 159 1664 punt,
179 1574 226 1638 uti
246 1595 354 1660 magis
376 1574 782 1660 1ps1v1desnturaliorum
804 1574 1026 1641 consolatione

91 1657 212 1744 indigere
236 1684 335 1748 quam
358 1664 429 1728 aliis
451 1685 547 1748 posse
570 1686 665 1730 suum
688 1663 830 1730 officium
852 1666 1027 1750 praestare,

90 1745 194 1835 tunep,
220 1773 303 1835 quae
322 1752 365 1816 in
391 1753 576 1838 praesentia
601 1754 638 1817 in
659 1756 802 1818 mentem
828 1749 910 1818 mihi
932 1773 1026 1816 venc-

92 1838 164 1920 runt,
189 1838 314 1906 decrevi
340 1840 431 1906 brevi
453 1841 494 1905 ed
517 1845 549 1906 te
572 1841 783 1926 perscribere,
809 1862 878 1907 non
901 1861 964 1926 quo
988 1861 1027 1903 ea

92 1921 235 2010 defugere
259 1928 454 2014 existimem,
482 1929 539 1994 sed
561 1929 647 2014 quod
669 1929 808 1995 forsitan
834 1929 945 1995 dolore
967 1928 1026 1992 im-

92 2011 197 2090 peditus
218 2017 329 2082 minus
352 2039 391 2082 ea
412 2016 596 2102 perspicias.
638 2017 721 2095 Quid
743 2021 802 2103 est,
824 2018 910 2102 quod
932 2021 1061 2090 tantos

93 2108 220 2180 operate
244 2109 448 2172 commoveat
469 2109 545 2172 tuus
564 2106 657 2173 dolor
673 2105 869 2172 intestinus?
902 2101 1027 2190 Cogita,

93 2192 342 2267 quemadmodum
369 2194 474 2259 adhuc
501 2195 633 2260 fortuna
655 2194 824 2261 nobiscum
847 2193 962 2280 egerit:
988 2214 1028 2256 ea

92 2276 167 2373 uobis
185 2285 297 2368 erepta
313 2304 392 2368 esse,
415 2304 496 2368 quae
514 2283 700 2349 hominibus
718 2305 788 2349 non
804 2283 912 2349 minus
930 2301 1028 2365 qnam

92 2360 165 2430 liberi
186 2379 260 2436 cera
284 2391 354 2437 esse
372 2371 500 2457 debent,
521 2373 670 2458 patriam,
691 2372 907 2457 honestatem,
923 2371 1027 2457 digni·

92 2453 185 2542 tatem,
210 2458 353 2526 honores
382 2481 503 2526 omnes.
547 2460 620 2527 Hoc
646 2483 713 2526 uno
740 2459 945 2527 incommodo
973 2459 1027 2524 ad·

93 2537 145 2606 dito
165 2548 238 2630 quid
262 2547 304 2612 ad
328 2548 471 2616 dolorem
494 2549 628 2636 adiungi
649 2549 779 2634 potuit?
802 2553 860 2616 aut
881 2549 937 2634 qui
959 2569 1028 2615 non

93 2648 119 2690 111
136 2631 192 2698 dlis
214 2635 313 2702 rebus
341 2638 533 2702 exercitatus
556 2639 684 2703 animus
707 2639 821 2704 callere
843 2639 909 2704 iam
932 2636 1028 2702 debet

93 2719 170 2802 atque
191 2725 302 2790 omnia
324 2726 458 2792 minoris
482 2725 685 2792 existimare?
730 2724 894 2792 Auillius
916 2726 1027 2809 vicem,
1045 2748 1062 2797 3
1086 2741 1089 2746 '

93 2807 177 2894 credo,
198 2813 310 2880 doles?
347 2813 479 2891 Quoties
501 2815 536 2880 in
559 2837 630 2880 earn
649 2815 880 2901 cogitationem
896 2833 1027 2880 necesse

94 2897 131 2958 ert
145 2903 175 2963 et
190 2903 225 2968 tu
243 2904 372 2968 veneris
391 2907 424 2968 et
441 2925 502 2969 nos
520 2925 616 2988 saepe
634 2904 815 2988 incidimus,
836 2904 925 2969 hisce
947 2907 1028 2968 tem·

93 2985 204 3081 poribus
229 3012 299 3057 non
326 2991 464 3078 pessime
493 3013 565 3057 cum
592 2993 633 3056 iis
661 3014 730 3058 esse
758 2997 880 3078 actum,
911 2992 1028 3075 quibus

95 3089 147 3137 nne
168 3076 275 3146 dolore
303 3080 427 3145 licitum
455 3084 506 3145 est
526 3083 664 3147 mortem
692 3103 765 3147 cum
791 3081 860 3146 vita
887 3102 1027 3146 commu·

94 3159 166 3227 tarel
209 3167 292 3245 Quid
325 3172 433 3235 autem
464 3169 541 3254 fuit,
569 3170 655 3252 quod
681 3170 772 3235 illam
793 3170 856 3236 hoc
882 3173 1028 3254 tempore

95 3247 314 3323 adurendum
345 3278 466 3342 magno
494 3279 590 3342 opere
617 3258 754 3324 invitare
782 3257 914 3344 posset?
946 3279 1028 3343 quae

95 3460 239 3601 millet
254 3473 277 3524 ¹·
318 3481 402 3538 12⁷⁰?-
421 3482 455 3524 ac
471 3467 623 3536 secretiores
642 3467 709 3537 (M).
756 3466 811 3540 [pfl
831 3483 864 3524 ac
880 3467 914 3538 fi]
928 3467 1027 3537 mem

778 3627 816 3681 7*
