2578 3982
245 979 319 1056 AD
350 985 613 1066 QUINTUM
645 985 911 1059 FRATREM

416 1125 526 1183 crasa
547 1125 743 1186 ssouuoos.

566 1283 592 1356 1.

232 1405 289 1464 Scr-
311 1405 417 1466 Romae
439 1424 535 1466 mense
556 1407 703 1466 Decembri
726 1425 751 1464 s
770 1427 797 1464 u.
818 1425 844 1464 c.
866 1413 928 1466 ost.

256 1547 402 1606 MARCUS
417 1547 554 1617 QUINTO
568 1549 704 1606 FRATRI
719 1549 899 1608 SALUTEM.
968 1576 973 1584 ·

169 1656 364 1742 Epistolam,
394 1680 490 1742 quam
520 1659 642 1744 legisti,
672 1679 767 1725 mane
799 1659 961 1744 dederam3
997 1635 1079 1726 sedi

103 1745 181 1809 fecit
200 1745 385 1810 humaniter
406 1745 558 1828 Licinius,
580 1746 666 1829 quod
688 1747 730 1812 ad
747 1768 798 1812 me
818 1749 916 1812 misso
940 1753 1054 1812 senatu

103 1833 230 1917 vesperi
245 1833 344 1916 venit,
365 1835 411 1916 ut,
433 1833 461 1897 si
479 1833 555 1917 quid
574 1837 659 1897 esset
676 1837 793 1918 ectum,
810 1835 852 1898 ad
869 1839 912 1919 te,
930 1835 1054 1900 etmihi
1167 1915 1170 1922 Ι

103 1920 278 2005 videretm,
303 1920 541 2004 perscriberem.
590 1918 727 1986 Senatus
757 1921 822 1986 fuit
847 1921 1054 2007 frequentior,

103 2031 200 2094 quam
226 2012 415 2093 putaremus
446 2027 516 2074 esse
542 2029 638 2092 posse
664 2030 774 2074 mense
796 2009 966 2076 Decembri
994 2011 1053 2076 sub

103 2098 170 2164 dies
192 2097 302 2164 festos
348 2094 539 2164 Consulares
566 2117 626 2162 nos
647 2097 767 2162 fuimus
794 2101 828 2172 et
849 2098 913 2163 duo
941 2119 1053 2164 consu·

102 2187 150 2251 les
177 2185 352 2271 designati,
381 2183 417 2249 P.
445 2183 611 2269 Servilius,
641 2183 685 2250 M.
712 2183 879 2270 Lucullus,
905 2185 1054 2271 Lepidus,

102 2273 280 2358 Volcatius,
302 2272 443 2358 Glabrio,
464 2276 637 2357 praetores.
683 2270 767 2338 Sane
786 2272 970 2358 frequentes
993 2275 1053 2338 fui·

101 2381 187 2430 must
224 2362 356 2427 omnino
389 2362 430 2428 ad
462 2378 512 2428 cc.
566 2358 751 2427 Commorat
782 2363 1053 2447 exspectationem

103 2450 226 2535 Lupus:
258 2451 327 2536 egit
353 2471 483 2516 oausam
510 2449 581 2536 agri
608 2446 764 2534 Campani
792 2470 870 2516 sane
893 2454 1053 2535 accurate3

102 2540 230 2604 auditus
249 2541 299 2604 est
315 2559 434 2624 magno
453 2538 590 2606 silentio.
626 2536 796 2604 Materiam
812 2539 860 2604 rei
876 2560 944 2605 non
961 2539 1053 2624 igno·

101 2649 168 2692 ras:
194 2625 276 2690 nihil
298 2647 337 2707 ex
358 2627 479 2692 nostris
501 2626 682 2692 actionibus
705 2627 928 2710 praetermisit.
972 2625 1052 2692 Fue·

101 2717 181 2780 runt
206 2715 355 2780 nonnulli
382 2714 485 2780 aculei
506 2715 542 2778 in
569 2712 752 2797 Caesarem,
778 2715 992 2780 contumeliae
1018 2715 1053 2778 in
1171 2733 1174 2736 ·

102 2801 256 2888 Gellium,
295 2801 568 2888 expostulationes
609 2823 682 2868 cum
722 2801 854 2866 absente
890 2800 1053 2887 Pompeio.

102 2889 208 2957 Causa
234 2912 305 2958 sero
328 2895 483 2976 perorata
514 2889 690 2956 sententias
722 2910 756 2954 se
782 2894 971 2975 rogaturum
997 2911 1052 2955 ne·

100 2980 205 3066 gavit,
236 3001 277 3044 ne
309 2981 394 3063 quod
421 3000 504 3046 onus
535 2977 708 3044 simultatis
735 2977 829 3043 nobis
860 2979 1052 3063 imponeret:

100 3091 141 3134 ex
164 3068 364 3152 superiorum
385 3072 567 3151 temporum
593 3065 744 3131 conviciis
771 3069 805 3133 ot
830 3087 870 3131 ex
891 3067 1053 3149 praesenti

100 3156 240 3239 silentio,
263 3155 339 3239 quid
363 3159 493 3220 senatus
516 3155 657 3239 sentiret,
680 3174 714 3218 se
735 3153 925 3238 intelligere.
962 3151 1053 3219 Dixit

35 3237 64 3250 ”
99 3244 191 3309 Milo.
236 3241 350 3328 Coepit
377 3243 545 3309 dimittere.
590 3241 673 3306 Tum
695 3239 915 3327 Marcellinus,
941 3240 1053 3327 „noli“,

171 3469 195 3525 n
218 3513 224 3526 .
244 3477 308 3540 1,1.
343 3470 448 3538 sumu
465 3474 491 3526 a
508 3447 543 3525 Ρ.
566 3467 1052 3536 auerruncandorum
1119 3513 1121 3518 ,

96 3541 172 3597 eules
236 3581 252 3609 .,
267 3543 405 3614 prunarii
422 3539 529 3612 (Soror
600 3569 616 3578 «ι
