2586 3982
261 211 306 278 64
544 213 582 270 Μ.
601 213 725 270 TULLII
742 211 934 269 CICERONIS
1122 259 1123 262 ,

262 358 488 444 complectare,
514 360 553 424 ut
575 379 686 426 omnes
708 357 894 444 intelligant
920 379 981 422 nec
1006 377 1059 425 me
1081 357 1216 422 benevo-

260 445 392 512 lautiori
414 447 564 532 cuiquam
587 446 754 512 succedere
777 467 836 512 nec
854 450 887 512 te
908 445 1053 512 amiciori
1074 445 1217 530 potuisse
1282 455 1283 516 ἐ

226 535 463 620 aprovinciam
484 535 620 601 tradere.
664 534 777 600 axiis
799 535 926 619 litteris,
949 555 1086 618 quarum
1109 534 1217 600 adme

262 625 443 710 exemplum
465 623 595 709 misisti,
622 645 702 708 quas
724 623 760 688 in
782 627 899 688 senatu
925 623 1054 689 recitari
1079 623 1219 707 voluisti,

261 712 309 782 sic
330 711 560 795 intellexeram,
582 713 760 796 permultos
783 733 804 776 a
824 715 858 776 te
879 711 999 780 milites
1022 733 1092 778 esse
1111 711 1218 778 dimis-
1282 721 1283 798 j

262 816 334 884 sos3‘
358 801 414 866 sed
440 801 521 866 mihi
542 798 663 867 Fabius
690 800 777 866 idem
799 799 1034 867 demonstravit
1055 803 1088 866 te
1110 800 1145 866 id
1168 821 1218 867 co·
1282 823 1283 866 ;

261 889 383 974 gitassc
405 889 525 973 facere,
553 887 622 973 sed,
646 910 745 973 quum
767 889 836 972 ipse
859 911 880 952 a
900 891 934 953 te
957 888 1148 973 discederet,
1171 889 1218 954 in·
1282 933 1283 984 ,

261 981 391 1062 regrum
425 977 566 1044 militum
602 977 781 1044 numerum
808 977 921 1044 fuisse:
956 977 991 1042 id
1023 977 1051 1042 si
1082 978 1129 1044 ita
1162 979 1220 1062 est,
1282 987 1283 1072 i

260 1069 449 1152 pergratum
479 1065 560 1134 mihi
592 1065 721 1151 feceris,
758 1065 787 1132 si
816 1065 897 1132 istas
934 1065 1066 1151 exiguas
1100 1067 1220 1150 copias,
1282 1075 1283 1120 l

262 1175 342 1240 quas
364 1153 516 1241 habuisti,
538 1177 637 1239 quam
653 1155 786 1220 minime
803 1153 1017 1238 imminueris3
1040 1175 1104 1240 qua
1125 1154 1167 1220 de
1186 1177 1220 1220 re
1256 1157 1259 1168 ’
1282 1155 1283 1188 ³

262 1247 394 1309 senatus
417 1244 566 1309 consulta
588 1265 670 1328 quae
692 1243 781 1308 facta
803 1246 888 1328 sunt,
911 1243 953 1308 ad
974 1245 1008 1308 tc
1025 1243 1126 1312 missa
1148 1264 1220 1310 esse
1282 1253 1283 1312 ff

261 1331 410 1398 arbitror.
453 1330 613 1417 Equidem
639 1352 699 1416 pro
727 1353 779 1418 eo,
806 1331 920 1416 quanti
941 1334 974 1398 te
1001 1330 1101 1414 facio,
1127 1332 1221 1416 quid·
1282 1345 1283 1424 p

262 1418 339 1503 quid
361 1419 489 1504 feceris,
517 1419 718 1504 approbabo,
746 1419 802 1484 sed
823 1423 857 1484 te
880 1441 1007 1505 qnoque
1030 1419 1158 1489 confido
1184 1443 1222 1486 ea

261 1505 434 1593 facturum,
454 1529 536 1592 quae
558 1507 639 1575 mihi
660 1508 823 1594 intelliges
845 1507 982 1573 maxime
1006 1529 1075 1574 csse
1094 1530 1221 1575 accom·
1282 1511 1283 1586 ζ

261 1595 401 1661 modale.
436 1594 510 1682 Ego
529 1592 563 1662 0.
581 1595 799 1682 Pomptinum,
816 1597 962 1682 legatum
978 1618 1096 1682 meum,
1113 1595 1221 1663 Brun-

262 1683 336 1748 disii
368 1685 593 1768 exspectabam
629 1706 765 1770 eumque
803 1688 878 1750 ante
910 1684 1075 1752 Kalendas
1106 1685 1221 1752 Iunias
1282 1681 1283 1748 l

225 1852 227 1854 q
261 1769 471 1838 Brundisium
488 1776 660 1838 venturum
678 1771 872 1858 arbitrabar;
895 1773 950 1857 qui
968 1795 1067 1858 quum
1084 1776 1223 1860 venerit,
1282 1765 1283 1848 l

262 1881 344 1945 quac
374 1861 516 1945 primum
546 1861 724 1947 navigandi
754 1861 850 1927 nobis
876 1861 1015 1927 facultas
1042 1861 1119 1927 data
1150 1865 1223 1948 erit,

261 1951 399 2015 utemur.
1282 1963 1283 1978 ¹

707 2143 765 2211 IV.

417 2256 474 2312 Ser.
493 2256 635 2311 Brundisii
652 2256 742 2312 Nonis
761 2256 848 2312 Iuniis
867 2271 892 2312 a.
911 2274 938 2312 n.
957 2273 981 2312 c.
1001 2263 1060 2314 703.

431 2379 474 2435 Μ.
495 2377 643 2434 CICERO
661 2378 691 2434 S.
709 2379 747 2435 D.
766 2379 830 2435 ΑΡ.
851 2379 1050 2436 PULOHRO.

227 2487 242 2538 1
327 2476 434 2546 Pridie
451 2459 565 2548 Nonas
588 2479 707 2565 Iunias,
730 2502 830 2566 quum
847 2502 951 2548 essem
970 2478 1146 2566 Brundisii,
1169 2483 1226 2548 lit·
1282 2497 1283 2544 i

261 2569 348 2634 teras
370 2571 444 2634 tuas
467 2569 590 2654 accepi,
617 2569 734 2654 quibus
761 2573 831 2634 erat
853 2570 1009 2654 scriptum
1030 2573 1063 2634 te
1086 2569 1122 2639 L.
1148 2568 1227 2638 010-
1282 2579 1283 2658 ξ

262 2655 315 2722 dio
338 2657 517 2742 mandasse,
539 2679 630 2743 quae·
643 2657 736 2724 illum
757 2679 883 2724 mecum
900 2658 990 2743 loqui
1009 2659 1121 2724 velles:
1145 2681 1228 2726 eum
1282 2659 1283 2700 ἕ

262 2767 340 2812 sane
363 2746 603 2832 exspectabam,
624 2749 663 2812 ut
684 2767 731 2830 ea,
754 2768 835 2830 quae
858 2768 879 2812 a
900 2749 933 2812 te
953 2746 1098 2832 afferret,
1116 2769 1230 2834 ¹(pram
1282 2745 1283 2806 ἕ

260 2833 402 2921 primum
429 2855 665 2922 cognoscerem.
714 2833 825 2902 Meum
850 2835 994 2902 studium
1021 2857 1100 2922 erga
1125 2839 1161 2904 te
1193 2843 1230 2904 et
1282 2869 1283 2876 ¹

262 2922 417 3008 officium,
443 2924 575 2991 tametsi
600 2923 711 2990 multis
733 2923 799 2990 iam
825 2923 921 2990 rebus
948 2945 1042 3009 spero
1064 2923 1127 2993 tibi
1149 2948 1231 2996 esse
1282 2923 1283 2986 l

261 3011 442 3098 cognitum,
468 3015 579 3080 tamen
604 3012 640 3078 in
666 3013 706 3078 iis
729 3013 867 3079 maxime
890 3013 1074 3100 declarabo,
1102 3015 1231 3100 quibus

260 3100 436 3187 plurimum
463 3101 645 3186 significare
671 3104 809 3186 potuero
836 3105 928 3168 tuam
950 3102 1030 3168 mihi
1058 3103 1232 3174 existima-

260 3189 385 3255 tionem
415 3192 449 3254 ct
484 3189 678 3276 dignitatem
708 3191 908 3256 carissimam
940 3213 1017 3258 esse.
1071 3191 1157 3259 Mihi
1195 3200 1234 3262 ct
1282 3243 1283 3248 κ

262 3273 299 3354 Q.
320 3275 442 3344 Fabius
469 3276 670 3366 virgilianus
698 3282 732 3344 et
754 3277 788 3346 Ο.
810 3278 947 3346 Flaccus
974 3278 1011 3346 L.
1037 3279 1061 3348 f.
1088 3285 1122 3347 et
1147 3281 1234 3350 dili·
1282 3301 1283 3304 ’

331 3483 384 3555 Ep.
403 3492 429 3554 3,
443 3493 468 3542 a.
505 3489 630 3543 curculio
652 3505 721 3558 quoe
739 3490 814 3561 (W.).
856 3505 889 3558 c,
906 3506 931 3562 q.
950 3490 1045 3562 vulgo.
1063 3519 1099 3532 -·
1123 3490 1236 3552 Bress-

261 3553 364 3609 dicium
382 3555 449 3626 (Μ).
487 3559 694 3631 [Brundisium]
713 3559 821 3631 Kleyn,
840 3561 871 3616 Β.
