2578 3978
258 231 297 286 IV
637 231 853 290 PRAEFATIO.

259 389 383 454 codices
410 410 481 454 ease
509 390 623 455 statuit
649 393 747 476 atque
772 390 809 454 in
835 389 980 475 epistolis
1007 390 1049 456 ad
1074 387 1222 454 Atticum

259 495 360 560 etad
387 493 424 571 Q.
446 493 594 560 Fratrem
621 499 654 560 et
680 496 744 581 „ad
766 494 927 562 Brutum“
953 495 1055 562 codici
1076 493 1222 560 Medioeo

258 599 361 664 multo
397 600 560 684 deteriori,
601 622 699 686 quam
736 601 818 665 alter
851 601 906 665 ille
938 601 1146 685 epistolarum
1180 600 1224 664 ad
1268 617 1269 690 J

258 703 493 789 „Familiarea“
526 708 588 790 est,
624 706 759 771 nimiam
790 705 886 771 fidem
916 705 1032 771 habuit
1065 705 1223 790 neglectis
1268 705 1269 768 3

259 809 366 875 codice
398 810 617 876 Tornaeaiano
649 809 706 895 (de
734 830 811 896 quo,
844 833 942 896 quum
973 814 1058 876 recte
1090 813 1222 876 auctore

258 913 302 979 M.
316 913 460 1000 Hauptio
474 914 721 1000 pseudocodicee
738 915 812 981 illos
825 914 998 1000 Bosianos,
1010 914 1223 982 Decurtatum
1268 919 1269 982 3

260 1023 293 1085 et
315 1017 543 1105 Orusellinum,
571 1021 639 1106 qui,
666 1024 704 1085 ut
726 1042 851 1106 omnes,
878 1021 926 1086 ita
952 1043 1003 1087 me
1031 1019 1110 1086 olim
1132 1019 1224 1085 dece·

259 1129 448 1210 pereniter
472 1125 616 1210 epistolia
637 1125 752 1211 „furca
779 1125 984 1211 expulisset“,
1006 1126 1103 1192 nimia
1127 1145 1225 1210 saepe

259 1229 439 1322 Bosionon
459 1230 620 1317 credidit),
637 1234 762 1315 ‚‚vetere
780 1230 911 1298 codice“
923 1230 1073 1297 Lambini
1086 1229 1225 1317 (eodem,
1268 1285 1269 1322 3

261 1335 316 1420 qui
347 1335 389 1400 ab
420 1335 493 1420 ipsc
524 1335 683 1402 Lambino
715 1335 954 1402 Tornaesianua
985 1339 1129 1421 meatur,
1166 1339 1227 1405 aut
1268 1331 1269 1334 '

181 1445 183 1449 ‘
261 1443 345 1505 certe
368 1441 436 1506 eiua
460 1439 647 1527 simillimo),
668 1439 858 1508 Antoniano
876 1445 909 1506 et
925 1440 1106 1508 Faerniano
1120 1440 1225 1506 Mala·
1267 1485 1269 1496 -

261 1546 386 1630 spinae,
417 1545 567 1612 Palatino
595 1549 710 1633 quarto
738 1545 881 1631 Gruteri,
913 1547 981 1612 cod.
1004 1547 1121 1630 Laudi,
1153 1548 1226 1612 cod.
1268 1557 1269 1624 j

205 1716 208 1722 ,
260 1649 416 1734 Turnebi‚
438 1651 632 1717 editionibus
649 1650 970 1737 Ascensianaaltera,
998 1651 1226 1737 Cratandrina,

260 1753 492 1822 Lambinianis.
536 1757 651 1841 Itaque
669 1777 730 1842 ego
753 1757 795 1822 ad
812 1757 986 1840 pristinum
1011 1758 1092 1823 illud
1113 1777 1226 1823 meum

261 1861 431 1926 eonsilium
466 1861 590 1928 tamdiu
626 1862 782 1927 omissum
817 1882 903 1926 nunc
933 1862 1066 1927 tandem
1096 1864 1227 1947 reverti,
1268 1855 1269 1938 t

262 1987 360 2051 quum
382 1969 512 2031 auctore
533 1967 605 2051 ipso
619 1966 789 2032 Teubnero
806 1988 887 2052 non,
908 1971 946 2032 ut
960 1967 1031 2052 ipae
1049 1968 1227 2055 volueram,
1268 1949 1269 1974 ¹

260 2071 449 2152 fasciculum
461 2074 590 2136 tantum
604 2073 744 2158 aliquem
756 2069 1074 2156 ‚‚Emendationum“
1087 2072 1228 2160 ederem,

261 2177 317 2243 aed
334 2199 455 2243 novam
472 2177 556 2243 hanc
573 2177 783 2260 epistolarum
799 2178 1053 2262 recognitionem
1074 2178 1227 2266 facerem,

262 2303 359 2366 quam
381 2281 471 2347 brevi
493 2283 707 2365 consequetur
728 2285 895 2365 separatus
924 2283 966 2347 ab
988 2282 1061 2367 ipsa
1083 2283 1227 2350 editione

125 2417 128 2422 ·
260 2386 431 2452 fasciculus
457 2386 524 2469 ille,
560 2407 624 2472 quo
658 2386 720 2452 erit
752 2385 946 2471 graviaaima
976 2409 1122 2473 quaeque
1150 2409 1228 2455 mea

261 2490 416 2557 correctio
431 2491 537 2557 alletia
550 2489 731 2556 rationibus
745 2492 1007 2578 argumentisque
1025 2493 1227 2560 confirmata.
1268 2513 1269 2580 q

260 2595 310 2662 De
336 2597 497 2662 codicibus
521 2617 602 2681 quae
616 2596 703 2697 'olim
728 2597 765 2660 in
785 2595 1121 2681 ‚,Emendationibue“
1141 2600 1227 2666 meis

262 2703 341 2787 dixi,
368 2723 479 2768 eornm
504 2701 586 2766 illud
612 2721 739 2787 quoquc
761 2722 848 2766 nunc
874 2723 926 2766 me
953 2703 1110 2787 poenitet,
1137 2706 1228 2788 quod
1268 2703 1269 2756 t

262 2807 374 2873 Orellii
396 2808 577 2891 exemplum
595 2809 722 2871 secutus
743 2806 780 2870 in
797 2805 941 2891 epistolis
964 2808 1005 2872 ad
1028 2806 1064 2885 Q.
1077 2807 1229 2876 Fratrem
1268 2761 1269 2836 t

261 2912 406 2978 Medicec
437 2913 494 2976 uni
525 2912 749 2978 auctoritatem
780 2912 922 2997 aliquam
947 2913 1048 2978 tribui
1077 2935 1120 2979 ne
1147 2912 1227 2980 Ora-

260 3017 405 3087 tandrini
432 3018 561 3102 quidem
588 3016 707 3083 codicia
736 3017 861 3082 ratione
888 3018 1106 3103 ruchatica,
1133 3020 1228 3086 cuius
1268 3049 1269 3142 q

261 3124 389 3210 pondua
415 3124 452 3187 in
477 3123 518 3188 iis
544 3123 630 3188 idem
656 3126 753 3208 atqm
779 3125 814 3188 in
841 3124 987 3208 epistolis
1014 3123 1055 3188 ad
1078 3124 1228 3190 Atticum
1268 3145 1269 3238 q

263 3251 332 3295 esse
354 3222 505 3294 Baiterua
526 3228 596 3312 ipse
619 3229 720 3294 serius
743 3229 982 3312 animadvertit,
1005 3250 1103 3314 quam
1125 3231 1227 3296 uteo
1268 3255 1269 3340 q

262 3335 297 3399 in
321 3357 379 3400 sua
401 3333 587 3400 recensione
609 3334 658 3398 uti
680 3337 798 3418 posset.
849 3331 976 3418 Cetera,
1003 3355 1086 3419 quae
1109 3333 1149 3399 de
1172 3355 1227 3401 co·
1268 3341 1269 3432 t

263 3440 370 3505 dicum
392 3439 572 3504 rationibus
595 3438 755 3503 habebam
774 3459 856 3524 quae
873 3438 1010 3504 dicerem
1031 3443 1228 3526 praeterea,
1268 3433 1269 3446 ¹

263 3566 346 3631 quae
368 3545 433 3610 iam
454 3545 490 3609 in
511 3542 847 3630 „Emendationibua“
867 3564 1053 3628 posueram,
1078 3545 1114 3609 in
1141 3564 1229 3623 eum,

554 3693 828 3818 (diffidi-{4
