2676 3984
239 192 305 256 270
522 191 560 246 M.
579 189 703 246 TULLII
721 189 912 246 CICERONIS

239 337 279 401 de
301 336 337 401 P.
360 334 469 403 Sullae
489 339 604 421 morte,
625 339 799 421 antequam
820 338 943 401 certum
966 335 1086 401 scierit:
1108 358 1200 404 nunc

240 445 391 511 quaerere
414 424 587 509 desierunt,
610 445 674 509 quo
695 423 792 491 modo
810 425 954 510 perierit,
977 425 1055 490 satis
1077 429 1197 510 putant

240 535 274 579 se
298 517 387 598 scire,
410 513 496 599 quod
519 513 634 578 sciunt.
678 511 752 599 Ego
775 514 939 598 ceteroqui
961 514 1069 580 animo
1092 535 1195 600 aequo
1331 523 1332 600 s

238 602 323 688 fero,
344 624 447 668 unum
467 623 588 686 vereor,
610 623 651 666 ne
673 602 769 667 hasta
792 600 938 667 Caesaris
960 602 1130 668 refrixerit.

685 829 742 897 XI.

398 951 455 1009 Sor.
474 952 595 1008 Asturae
612 969 708 1008 mense
725 950 828 1006 Martio
846 967 872 1006 a
890 969 916 1006 u.
935 967 959 1006 o.
975 956 1034 1006 709.

499 1093 628 1150 monac
646 1091 887 1150 DOLABELLAE
907 1091 933 1148 S.

204 1217 218 1269 1
304 1201 367 1270 Vel
393 1224 465 1271 meo
492 1203 593 1288 ipsius
625 1203 759 1269 interitu
790 1198 920 1266 mallem
950 1200 1074 1267 litteras
1106 1223 1196 1267 meas

238 1292 435 1358 desiderares
458 1314 555 1376 quam
578 1313 616 1357 eo
640 1313 730 1377 casu,
756 1313 819 1376 quo
844 1312 916 1355 sum
938 1291 1125 1377 gravissime
1147 1291 1195 1354 af·

237 1381 356 1464 flictus3
384 1401 480 1466 quem
505 1380 624 1445 ferrem
651 1384 737 1445 certe
759 1378 970 1464 moderatius,
993 1379 1020 1443 si
1042 1383 1074 1444 te
1097 1378 1195 1444 habe-

237 1491 319 1552 rem3
345 1490 422 1534 nam
445 1472 478 1533 et
500 1469 604 1534 oratio
627 1471 685 1533 tua
706 1467 848 1553 prudens
870 1470 904 1532 et
930 1489 1021 1532 amor
1043 1488 1121 1553 erga
1142 1489 1195 1532 me

238 1557 411 1642 singularis
434 1557 573 1621 multum
590 1557 726 1640 levaret3
749 1556 814 1641 sed,
837 1556 990 1640 quoniam
1007 1556 1097 1621 brevi
1115 1559 1194 1620 tern-

238 1667 330 1731 pore,
352 1649 390 1710 ut
412 1645 522 1730 opinio
546 1648 658 1710 nostra
681 1647 740 1730 est,
761 1649 794 1710 te
817 1667 889 1710 sum
910 1645 1051 1729 visurus,
1073 1645 1120 1710 ita
1141 1667 1195 1709 mo

238 1735 388 1800 affectum
415 1733 571 1820 offendes,
598 1737 636 1798 ut
661 1736 799 1799 multum
828 1755 848 1797 a
874 1736 907 1798 te
933 1733 1056 1817 possim
1082 1733 1197 1817 iuvari,

237 1845 305 1888 non
328 1843 392 1908 quo
414 1822 462 1887 ita
485 1823 546 1888 sim
568 1823 701 1908 fractus,
722 1826 761 1887 ut
783 1825 840 1887 aut
861 1821 1027 1887 hominem
1049 1843 1101 1886 me
1124 1843 1194 1887 csse
1331 1859 1335 1892 ι

238 1912 357 1977 oblitus
395 1911 455 1976 sim
493 1915 550 1976 aut
583 1911 734 1978 fortunae
772 1910 1043 1976 succumbendum
1074 1913 1195 1995 putem,

238 2000 294 2066 sed
324 2004 436 2067 tamen
465 2000 613 2066 hilaritas
639 2001 697 2065 illa
723 2003 836 2066 nostra
863 2001 896 2063 et
925 1999 1080 2083 suavitas,
1112 2019 1194 2084 quae

236 2093 269 2154 te
296 2093 425 2174 praeter
456 2093 579 2156 ceteros
611 2089 805 2173 delectabat,
836 2090 947 2173 erepta
978 2087 1057 2151 mihi
1089 2087 1194 2152 omnis

237 2181 300 2262 est,
321 2177 507 2244 firmitatem
530 2181 640 2243 tamen
663 2181 696 2244 et
719 2176 944 2261 constantiam,
966 2176 994 2241 si
1011 2176 1108 2242 modo
1131 2176 1195 2240 fuit

237 2266 410 2350 aliqnando
433 2267 469 2331 in
490 2267 598 2351 nobis,
625 2265 760 2332 eandem
783 2285 972 2351 cognosces,
999 2287 1095 2349 quam
1122 2263 1194 2328 reli·

202 2355 345 2440 aquisti.
390 2353 482 2432 Quod
509 2354 622 2419 scribis
654 2354 777 2437 proelia
808 2356 841 2419 te
872 2375 945 2418 mea
974 2374 1070 2419 causa
1100 2353 1194 2417 susti·

236 2463 322 2526 nere,
345 2464 414 2508 non
430 2441 550 2506 tamid
570 2442 693 2526 laboro,
715 2445 760 2526 ut,
784 2441 885 2527 siqui
902 2441 983 2506 rniln'
1003 2441 1194 2526 obtrectant,

237 2552 257 2595 a
282 2533 316 2594 te
347 2529 542 2616 refutentur,
570 2550 667 2614 quam
693 2530 832 2615 intelligi
860 2531 969 2615 cupio,
999 2529 1085 2614 quod
1107 2532 1194 2594 certe

236 2618 442 2704 intelligitur,
472 2639 524 2684 me
557 2639 577 2684 a
603 2621 636 2683 te
668 2619 778 2683 amari.
827 2617 921 2696 Quod
952 2623 990 2683 ut
1019 2617 1133 2703 facias,
1160 2621 1194 2682 te

237 2707 334 2772 etiam
358 2709 454 2792 atque
477 2707 576 2774 otiam
597 2727 677 2793 rogo
700 2708 913 2793 ignoscasque
935 2706 1087 2772 brevitati
1108 2705 1193 2771 litte-

236 2817 346 2861 rarum
372 2818 530 2882 mearum;
556 2819 633 2862 nam
660 2798 693 2861 et
719 2796 865 2862 celeriter
890 2817 956 2860 una
981 2796 1109 2860 futuros
1132 2816 1193 2860 nos

237 2885 376 3036 arbillror
398 2889 432 2951 ot
452 2885 599 2952 nondum
620 2905 690 2952 sum
712 2885 792 2953 satis
818 2883 1027 2952 confirmatus
1053 2883 1094 2948 ad
1117 2883 1194 2948 sori·

235 2973 300 3038 ben
322 2995 387 3038 um.

236 3271 280 3327 Ka
307 3200 427 3326 Ilpbss,
447 3205 472 3257 1.
516 3215 583 3256 acm
608 3204 635 3256 et
656 3215 696 3256 or.
725 3199 786 3269 (n,
804 3198 908 3270 vulgo).
953 3216 1019 3255 mm
1045 3214 1086 3254 me
1109 3202 1135 3254 ct
1152 3214 1193 3254 or.

279 3289 330 3342 lt,
372 3310 380 3328 ·
631 3311 635 3316 .
