2578 3978
244 227 287 292 28
527 227 565 281 Μ.
585 223 709 280 TULLII
727 223 917 280 CICERONIS

244 393 284 436 ex
300 371 450 435 libertate
467 391 540 436 mea
557 391 671 456 meque
689 373 759 434 tum
773 367 910 452 denique
927 367 990 432 sibi
1008 387 1079 432 csse
1097 367 1207 432 visum

243 460 292 524 rei
313 459 470 544 publicae,
492 459 597 542 qualis
614 458 756 542 fuissem,
778 457 963 520 resumam
983 473 1152 539 quumque
1170 478 1208 520 ee

245 548 409 613 contentio
424 547 504 612 mibi
522 565 677 630 magnum
696 545 793 609 ctiam
806 544 886 609 foris
903 544 1046 608 frucbnn
1064 545 1207 628 tulisset,

245 636 385 721 gaudere
408 657 442 700 se
465 633 616 699 dicebant
636 633 717 697 mihi
735 637 767 697 et
788 633 881 696 illum
897 631 1066 698 inimicum
1083 636 1119 696 et
1142 651 1208 715 eos,

245 724 358 808 quiin
380 723 492 787 eadem
514 743 612 788 causa
633 725 749 806 essent,
771 741 947 804 numquam
967 719 1095 784 'amieos
1117 719 1207 784 futu-

244 833 313 894 ros,
336 833 473 894 quorum
494 809 597 894 iniqui
620 807 784 874 seimones
805 829 905 892 quum
927 809 968 872 ad
991 827 1044 872 mc
1064 829 1127 892 per
1150 808 1208 875 ho·

244 899 348 964 mines
362 898 606 966 honestissimos
619 897 838 982 perferrentur
853 917 1014 982 quumque
1028 895 1207 982 Pompeius

244 987 292 1052 ita
315 985 547 1071 contendisset,
573 989 611 1050 ut
637 985 720 1050 nihil
748 1005 901 1067 umquam
923 983 1042 1069 ongis,
1069 989 1110 1050 ut
1134 1005 1207 1048 cnm

246 1071 362 1140 Crasso
385 1074 521 1139 redirem
547 1075 583 1139 in
606 1073 757 1158 gratiam,
785 1069 964 1160 Caesarque
991 1092 1052 1156 per
1076 1073 1206 1140 litteras

245 1163 385 1228 maxima
416 1184 450 1228 se
481 1161 631 1228 molestia
662 1178 701 1226 ex
726 1161 784 1226 illa
815 1161 1022 1226 contentione
1052 1159 1207 1228 affectum

246 1251 443 1334 ostenderet,
473 1249 574 1314 habui
604 1269 673 1314 non
702 1252 884 1332 temporum
910 1248 1016 1313 solum
1042 1249 1206 1314 rationem

245 1359 403 1421 meorum,
435 1337 611 1402 sedetiam
632 1338 793 1420 naturae„
808 1333 1019 1420 Crassusque,
1050 1340 1090 1400 nt
1114 1337 1207 1422 qnasi

245 1429 366 1491 testata
387 1425 508 1510 populo
530 1423 678 1490 Romano
702 1427 787 1490 esset
812 1427 925 1489 nostra
950 1422 1072 1576 irafia'
1101 1445 1206 1510 paene

247 1536 267 1578 a
288 1513 368 1578 meis
390 1511 527 1578 Laribus
549 1513 584 1578 in
606 1512 805 1596 provinciam
823 1515 873 1576 est
889 1533 948 1596 pro
964 1515 1205 1594 ectus-nam,

247 1623 346 1685 quum
372 1600 453 1666 mihi
480 1599 688 1684 condixisset,
716 1599 863 1666 coenavit
890 1598 976 1684 apud
1002 1621 1054 1666 me
1081 1601 1122 1666 in
1143 1601 1206 1664 mei

247 1689 358 1775 generi
380 1686 578 1772 Crassipedis
604 1688 707 1753 hortis
722 1723 778 1772 -,
796 1688 1005 1772 quamobrem
1032 1689 1104 1754 eius
1133 1710 1204 1753 cau·
1271 1761 1272 1764 Ἴ

247 1799 325 1862 sam,
348 1776 435 1861 quod
456 1781 489 1840 te
513 1776 625 1842 scribis
643 1776 779 1860 audisse,
801 1796 921 1862 magua
937 1776 1025 1840 illius
1042 1797 1204 1842 commen-
1271 1841 1272 1852 ,

247 1865 377 1930 datione
391 1868 573 1948 susceptam
591 1863 718 1928 defendi
736 1865 772 1928 in
789 1867 914 1947 senatu,
932 1863 1015 1928 sicut
1032 1886 1110 1929 mea
1126 1863 1203 1930 fides

194 1971 227 2018 21
247 1953 440 2037 postulabat.
476 1951 648 2036 decepisti,
667 1951 782 2036 quibus
799 1952 896 2016 rebus
915 1950 1073 2018 adductus
1093 1974 1202 2038 quam·

247 2062 310 2125 que
331 2062 401 2108 rem
423 2061 614 2124 causamque
638 2037 835 2104 defenderim
857 2039 975 2123 quique
995 2062 1088 2106 meus
1112 2043 1149 2106 in
1170 2061 1203 2125 re

246 2127 376 2213 publica
394 2129 437 2194 sit
452 2151 512 2213 pro
530 2149 603 2194 mea
619 2131 711 2214 parte
728 2127 924 2212 capessenda
943 2131 1061 2212 atatus3
1084 2129 1202 2213 dequo

247 2218 293 2281 sio
315 2217 412 2282 velim
434 2220 567 2299 statuas,
588 2237 639 2280 me
661 2215 741 2280 haec
764 2215 876 2280 eadem
898 2237 1068 2282 sensurum
1094 2217 1202 2298 fuisse,

248 2305 276 2368 si
298 2305 377 2368 mihi
399 2306 526 2388 integra
549 2303 658 2368 omnia
684 2323 722 2366 ac
743 2303 845 2374 libera
867 2303 1019 2370 fuissent:
1048 2326 1130 2370 nam
1149 2325 1201 2368 ne·
1270 2303 1271 2346 i

248 2412 310 2476 que
328 2391 540 2474 pugnandum
557 2391 730 2454 arbitrarer
748 2394 861 2456 contra
874 2395 988 2468 ‚tantas
1003 2413 1086 2478 opes
1100 2411 1202 2476 neque

248 2478 427 2561 delendum,
446 2478 572 2542 etiamsi
589 2477 622 2541 id
639 2477 710 2542 fieri
727 2481 845 2564 posset,
868 2501 1067 2546 summorum
1087 2479 1202 2547 civium

246 2565 464 2651 principatum
495 2586 555 2630 nec
589 2565 843 2649 permanendum
877 2567 913 2632 in
943 2589 1010 2632 una
1041 2567 1202 2634 sententia

248 2654 410 2719 conversis
437 2653 533 2718 rebus
561 2674 598 2716 ao
624 2653 784 2719 bonorum
810 2655 1034 2722 voluntatibus
1061 2655 1201 2735 mutatis,

249 2741 304 2806 sed
331 2740 529 2826 temporibus
556 2741 809 2825 assentiendum
839 2763 1019 2828 numquam
1050 2746 1137 2810 enim
1168 2743 1202 2806 iu

247 2829 487 2912 praestantibus
513 2829 548 2894 in
574 2849 609 2892 re
636 2829 766 2911 publica
793 2831 1006 2916 gubernanda
1032 2833 1110 2898 viris
1137 2833 1200 2896 lau·
1269 2837 1270 2875 i

248 2916 325 2980 data
348 2919 397 2980 est
418 2916 460 2980 irr
476 2938 542 2980 una
564 2917 725 2981 sententia
746 2920 903 3002 perpetua
921 2921 1117 3006 permansio,
1139 2915 1201 2998 sed,

247 3007 285 3068 ut
298 3004 333 3068 in
346 3003 530 3088 navigando
550 3005 735 3089 tempestati
750 3005 883 3089 obsequi
902 3008 981 3072 artis
1000 3013 1059 3092 est,
1077 3003 1200 3074 etiamsi

247 3095 377 3177 portum
399 3095 509 3156 tenere
531 3113 599 3156 non
617 3113 724 3178 queas,
747 3115 846 3176 quum
865 3115 942 3159 vero
960 3095 994 3160 id
1012 3097 1118 3179 possis
1135 3113 1199 3158 mu-

247 3183 318 3244 tata
346 3179 557 3244 velificatione
584 3181 724 3264 assequi,
751 3182 887 3246 stultum
918 3187 967 3246 est
993 3205 1068 3248 eum
1094 3189 1200 3248 tenere

237 3286 322 3356 ,cum
348 3267 491 3352 periculo
519 3287 660 3352 cursum,
687 3289 782 3352 quem
809 3271 943 3354 ceperis,
970 3272 1080 3356 potius
1108 3286 1199 3356 quam

319 3475 370 3546 Ep.
390 3483 415 3543 9,
433 3483 476 3531 20.
508 3476 775 3546 profectus-uum
856 3479 943 3534 hortu
960 3509 1009 3546 -,
1034 3477 1200 3550 quomobrem

250 3545 316 3615 (W).
349 3563 396 3614 μς
413 3547 702 3617 nom...bortrs.q.
720 3547 751 3601 B.
